3275 4959
779 372 999 429 --12.-

301 548 398 607 Cicero
422 551 485 606 ium
507 549 545 606 od
568 566 671 644 remam.
716 548 805 607 Dodr'l
828 548 900 606 milri
926 549 1074 623 epistulam
1104 552 1244 627 lepmdam
1274 557 1360 628 imam,
1390 518 1475 629 quom

294 655 384 729 poulo
407 658 471 713 onie
485 658 637 728 occeperat,
661 654 867 729 Aristophaneo
889 656 971 714 modo
993 656 1075 715 valdo
1096 660 1247 718 omhereole
1269 664 1295 718 ot
1316 679 1429 719 suavem
1447 666 1474 719 ei

215 818 218 823 .
299 780 421 837 prooem
452 780 507 836 quo
537 779 599 820 sum
628 762 779 820 admodum
809 761 966 821 delectatus.
1012 761 1101 820 Dedit
1130 764 1215 823 eliam
1244 767 1362 825 alteram
1392 768 1473 826 illam

300 869 378 941 milri,
402 888 456 943 qua
478 868 554 927 imber
581 886 643 927 emm
673 869 744 927 milri
773 887 829 927 esse
859 868 990 939 adlimam
1019 867 1162 942 iomrqmom
1191 872 1336 946 mapietro.
1382 872 1474 947 Qrmm

299 975 380 1033 illum
406 974 541 1049 epistolae
570 974 636 1033 illae
658 975 838 1048 delectarunt,
869 994 954 1049 quam
984 976 1043 1033 mel
1082 975 1115 1054 (ο,
1147 971 1208 1058 19).
1265 978 1473 1054 Imprimisque

301 1083 433 1140 animum
464 1083 589 1141 adverto
621 1083 652 1139 in
683 1083 791 1155 verba:
830 1082 920 1141 Dedit
950 1083 1034 1141 etiam
1063 1083 1183 1141 alteram
1207 1128 1213 1141 .
1238 1128 1245 1141 .
1269 1127 1276 1140 .
1315 1084 1397 1153 Quae
1422 1085 1474 1160 qui

300 1189 404 1264 legerit
435 1189 547 1247 similia
581 1190 612 1246 in
647 1190 802 1264 superiore
838 1190 971 1265 quadam
1013 1190 1146 1264 epistula
1187 1207 1256 1249 esse
1298 1191 1473 1258 meminerit,

300 1314 391 1371 quam
407 1296 527 1353 Marcus
543 1296 581 1353 M.
599 1297 689 1364 Orfio,
712 1297 805 1372 equiti
822 1297 969 1365 Ramano,
987 1297 1069 1355 dedit
1091 1289 1130 1377 (ΙΙ
1145 1292 1210 1378 12):
1257 1296 1319 1355 lim
1340 1296 1476 1356 mandata
1600 1341 1601 1376 1

294 1420 450 1477 persequor
472 1402 620 1477 dilipmier
642 1408 668 1461 el
690 1403 876 1478 odimupmdis
897 1403 1056 1462 homiuibus
1078 1407 1104 1461 el
1126 1404 1292 1477 quidusdam
1320 1422 1377 1463 moa
1404 1400 1474 1462 alie-
1600 1383 1601 1412 ⁴

298 1509 409 1569 marrolis.
448 1509 596 1568 Maximae
610 1510 682 1568 milii
703 1527 769 1569 vero
794 1528 878 1569 eoroe
892 1510 956 1582 emt,
979 1514 1011 1568 ol
1027 1508 1187 1569 Giomomm
1202 1515 1281 1570 luam
1295 1514 1476 1584 nostrumque

298 1616 417 1690 videam,
440 1617 467 1675 el
489 1617 560 1690 licei,
589 1617 696 1686 cotidie,
730 1618 777 1676 sed
799 1616 955 1691 impletam
977 1617 1045 1693 qaia
1067 1616 1165 1685 dierat,
1197 1636 1281 1694 quam
1302 1617 1476 1692 semissium

299 1726 325 1781 el
346 1722 405 1782 misi
434 1723 482 1781 illo
513 1727 671 1796 eooiommt,
702 1724 818 1783 etlam
848 1724 1079 1799 mapisirom
1101 1742 1153 1783 me
1190 1725 1224 1783 ei
1247 1724 1476 1798 profitebor

300 1828 379 1888 aros
401 1829 445 1887 rei
465 1830 629 1889 ooooollam
653 1831 877 1890 cousuetudinem
898 1834 998 1889 marim
1020 1849 1083 1889 emm
1106 1876 1161 1889 ...
1185 1825 1221 1912 (e.
1235 1826 1276 1913 2).
1329 1832 1376 1889 Ad
1399 1832 1474 1889 haee

300 1937 388 2004 enim,
419 1938 530 2011 quibus
553 1937 674 1996 Marcus
707 1956 740 1996 se
772 1938 863 1996 etiam
887 1938 990 2008 Quinti
1010 1938 1075 1997 filio
1100 1939 1278 2013 magistrum
1307 1938 1372 1996 fore
1403 1956 1474 2014 pro·

299 2044 432 2112 miserat,
457 2043 518 2113 illa,
545 2045 656 2119 quibus
681 2045 811 2114 Quintus
834 2044 940 2113 lilium,
974 2049 1009 2103 ut
1032 2048 1143 2121 patruo
1175 2049 1317 2119 tamquam
1337 2044 1475 2119 mapisiro

300 2151 423 2208 adfixus
447 2155 539 2218 esset,
565 2152 690 2221 monuit.
724 2152 874 2228 rescripta
903 2170 973 2211 esse
1005 2152 1194 2210 concluditur
1224 2156 1255 2210 et
1285 2171 1323 2209 ea
1353 2153 1474 2227 quidem

301 2258 544 2333 quamprimum,
567 2262 730 2334 postquam
748 2258 879 2328 Quintus
895 2261 934 2317 ab
951 2260 1031 2317 Orfio
1048 2260 1149 2335 equite
1165 2259 1327 2334 epistulam
1343 2260 1473 2335 accepim

298 2382 379 2439 qnae
403 2365 475 2421 mihi
499 2365 610 2423 elarius
634 2367 872 2423 demonstranda
895 2369 976 2424 sunt.
1514 2354 1520 2362 ⁹

389 2473 433 2529 Ae
456 2473 584 2547 primum
608 2474 737 2547 quidem,
771 2490 839 2530 oum
867 2473 960 2531 Marci
991 2474 1124 2548 epistula
1153 2474 1352 2531 humanitatis
1385 2474 1475 2549 plena

299 2582 391 2647 esset,
417 2580 537 2649 Quinto,
564 2580 646 2653 quod
670 2580 736 2637 eius
760 2581 791 2637 in
813 2580 937 2637 fratrem
961 2584 1026 2638 erat
1049 2580 1193 2645 officium,
1226 2599 1319 2655 quam
1346 2581 1473 2656 primum

298 2686 416 2759 gratiae
440 2686 575 2760 agendae
599 2689 693 2744 erant.
731 2688 837 2763 Neque
860 2686 967 2745 melius
991 2688 1107 2760 gratias
1123 2704 1212 2760 agere
1227 2690 1355 2763 poterat¹
1382 2706 1472 2762 quam

300 2796 335 2849 ut
357 2792 455 2850 filium
478 2794 617 2868 proxima
640 2794 772 2868 epistula
795 2797 938 2863 moneret,
963 2795 998 2852 ut
1020 2796 1130 2870 patruo
1146 2797 1304 2869 tamquam
1327 2774 1473 2867 magistro

299 2900 421 2958 adfixus
446 2903 537 2959 esset.

388 3004 504 3068 Deinde
528 3025 647 3065 summa
670 3010 742 3065 erat·
752 3007 787 3065 de
803 3007 860 3064 filii
875 3007 1067 3067 institutione
1084 3025 1165 3075 eura,
1191 3011 1224 3065 ut
1241 3007 1317 3065 loeis
1334 3010 1474 3082 apparet:

298 3113 345 3172 De
368 3111 500 3173 Oioorom
522 3114 596 3187 quod
617 3132 661 3173 me
682 3132 790 3188 semper
811 3132 904 3189 oopus,
927 3114 1038 3189 ipoosoo
1058 3114 1183 3188 equidm
1205 3114 1265 3187 tm,
1287 3114 1334 3173 sed
1356 3118 1388 3172 im
1409 3131 1475 3188 ouo·

297 3238 349 3296 om
370 3220 457 3281 uelim
479 3220 551 3279 milri
572 3221 706 3295 rpoream.
745 3220 813 3279 Nom
835 3221 908 3280 mim
931 3221 1048 3280 rouredo
1070 3221 1130 3294 tior,
1148 3220 1217 3295 plm·
1238 3225 1270 3280 ml
1296 3220 1378 3279 illom
1400 3238 1476 3279 aures

297 3344 383 3401 quom
405 3327 465 3401 ipm
486 3345 555 3388 amo
579 3328 629 3405 (ΙΙΙ
647 3328 674 3397 1,
690 3323 731 3409 7).
771 3325 869 3387 (litero
887 3332 990 3401 moster,
1013 3328 1080 3386 dom
1096 3346 1144 3403 epo
1159 3328 1264 3400 abeam,
1286 3344 1343 3386 mom
1359 3327 1476 3387 cessauit

296 3434 375 3507 opud
397 3434 541 3493 rhetorem.
587 3434 634 3493 De
655 3434 714 3493 eius
736 3434 893 3493 eruditiom
914 3434 989 3508 qood
1011 3434 1126 3507 labores,
1161 3434 1234 3493 omo
1264 3439 1312 3508 esi,
1342 3434 1476 3509 quoniam

299 3540 441 3616 impedium
463 3541 522 3600 eim
543 3542 625 3615 morli,
648 3542 771 3601 studium
798 3559 846 3616 epo
868 3541 957 3601 uideo.
1004 3540 1103 3600 Cetera
1124 3542 1183 3600 eim
1212 3542 1253 3600 sir
1282 3541 1414 3615 marmio,
1444 3545 1477 3599 oi

298 3664 342 3705 orm
359 3652 458 3720 prolem
466 3652 616 3722 proestare
631 3648 726 3708 dobere
748 3648 797 3726 (ΙΙΙ
812 3648 910 3726 1,14).
948 3649 1026 3719 Quin
1049 3650 1139 3706 etiam
1160 3649 1325 3707 mercedem
1341 3648 1476 3724 aliquam

300 3755 478 3829 promisisse
501 3755 602 3813 Marco
625 3756 760 3825 videtum
785 3774 883 3832 neque
907 3756 986 3813 enim
1009 3756 1129 3815 iocandi
1151 3774 1247 3813 eausa
1262 3756 1337 3814 haee
1360 3756 1476 3829 scripta

299 3878 368 3919 esse
391 3864 490 3936 puto:v
516 3860 659 3921 (immores
681 3862 813 3936 efflatam,
837 3863 863 3922 ei
885 3881 947 3921 eum
968 3880 1075 3921 omrem
1096 3862 1217 3920 habuero
1240 3862 1350 3921 oiioem.
1396 3860 1477 3919 Nom
1600 3931 1601 3944 ἦ

298 3966 409 4026 Romae
430 3968 595 4042 respirandi
615 3986 672 4027 ooo
695 3973 734 4027 esi
757 3970 841 4028 lomes.
887 3968 924 4028 Id
945 3987 990 4027 me
1018 3949 1073 4028 sois
1104 3972 1187 4027 amieo
1216 3968 1307 4044 pratis
1337 3968 1390 4027 troi
1420 3985 1477 4027 esso

294 4074 465 4148 pollicitum.
506 4075 670 4151 Quidnam
687 4079 783 4150 polos,
810 4079 920 4134 lamia
941 4076 1035 4133 miti
1056 4076 1120 4134 obs
1143 4079 1176 4134 ie
1197 4075 1364 4134 mercede
1381 4093 1475 4149 pro-

294 4180 450 4255 posita?
472 4175 523 4263 (ΙΙΙ
543 4180 622 4264 lm).
668 4182 777 4257 Moprm
807 4182 880 4262 mim
901 4181 990 4241 'mobis
1019 4201 1038 4242 o
1069 4186 1095 4240 lo
1119 4182 1272 4256 proposito
1301 4200 1405 4241 meroes
1427 4185 1476 4254 esi,

299 4306 383 4363 qoam
405 4293 476 4347 corio
490 4292 588 4349 moeno
604 4288 687 4363 malm
701 4307 853 4367 mammeam
867 4288 962 4348 mium
976 4289 1158 4364 adsequamur
1181 4288 1232 4367 (ΙΙΙ
1248 4291 1277 4358 3,
1289 4288 1330 4368 4).
1368 4290 1475 4365 Itaque
