3275 4959
723 454 768 464 -
810 420 856 479 52
895 448 947 463 ..-

248 601 422 659 Trebatium
453 600 587 685 epistula
611 600 639 657 9.
671 600 819 674 rescripta
849 601 923 656 sunt
953 601 984 656 ot
1014 616 1052 655 ea
1082 598 1203 673 quidem
1234 596 1422 655 brevissimis

249 708 416 767 sententiis.
457 707 522 766 Tar·
543 705 831 780 1000000011;001100
847 705 948 779 petias
962 704 1001 764 ad
1013 722 1074 777 aas,
1097 704 1164 763 dara
1180 702 1305 778 plenior
1342 702 1425 779 Qecod

244 815 300 873 irae
321 832 463 891 properes,
485 813 560 873 aaa
581 817 629 883 est,
649 812 820 886 praesertim
836 813 963 871 Battara
984 816 1105 871 1101100.
1129 809 1184 870 Sed
1198 811 1252 869 tabi
1274 810 1424 870 consiliaro

246 939 303 981 arra
326 922 412 996 deest·
441 921 508 997 qaid
538 920 724 993 constitueris,
755 920 837 993 capio
860 920 933 979 scire
957 919 991 997 (c.
1008 918 1048 997 2).
1094 918 1237 987 Eundem,
1261 936 1360 994 quem
1391 920 1422 976 in

249 1030 382 1105 epistula
405 1029 446 1086 Ill
461 1029 486 1087 1.
519 1029 558 1086 ad
590 1028 713 1086 fratrem
745 1028 819 1085 data
850 1028 1005 1095 novimus,
1038 1027 1171 1085 animum
1202 1026 1422 1100 indignationis

248 1136 379 1211 plenum,
413 1136 516 1194 0111010
541 1136 652 1204 autem,
679 1135 761 1210 quod
785 1135 812 1193 ei
835 1134 895 1191 iuit
916 1134 948 1190 in
970 1134 1158 1202 familiarem,
1191 1133 1424 1191 moderatiorem

247 1243 336 1301 facile
360 1243 517 1302 sentimus.
556 1243 623 1299 Iure
646 1242 737 1317 igitur
760 1242 901 1299 concludi
916 1258 1009 1316 posse
1033 1242 1131 1309 crede,
1157 1242 1236 1298 hanc
1259 1240 1423 1314 epistulam
1458 1263 1461 1269 ¹

247 1368 268 1407 a
292 1349 433 1407 Cicerone
457 1350 601 1425 scriptam
626 1367 703 1419 esse,
736 1352 902 1424 postquam
925 1349 1028 1406 fratris
1052 1348 1106 1405 illa
1128 1348 1262 1423 epistula
1288 1348 1424 1405 maxima

248 1456 299 1534 1111
316 1456 342 1526 1,
354 1455 384 1534 8)
408 1456 527 1515 reddita
550 1459 605 1515 est.

255 1595 259 1601 ·
336 1564 383 1621 Ad
406 1565 464 1622 hoc
488 1567 698 1639 argumentum
730 1564 859 1621 alterum
890 1565 1062 1637 adiungam.
1108 1564 1183 1621 Utor
1206 1562 1284 1620 enim
1308 1563 1421 1621 verbis:

249 1669 444 1744 copiosae,
475 1670 542 1746 qaid
568 1688 637 1745 apae
666 1674 692 1729 et
721 1670 770 1729 abi
798 1670 839 1729 sis
868 1670 1056 1742 hiematurus·
1086 1669 1211 1745 00011101
1240 1669 1326 1727 celim
1359 1686 1422 1728 cam

248 1776 376 1850 Caesare,
407 1778 454 1836 sed
483 1778 521 1836 ad
551 1795 612 1836 cara
628 1781 751 1851 propter
773 1777 833 1836 cias
854 1769 995 1861 (lecara)
1016 1776 1090 1835 aaa
1111 1794 1173 1835 sam
1195 1793 1281 1835 ausae
1302 1776 1423 1835 saraae

248 1883 288 1961 (9,
304 1883 341 1961 1).
387 1885 464 1943 Post
485 1886 611 1943 verbum
635 1884 693 1943 etas
720 1885 751 1941 in
783 1884 939 1942 codicibus
963 1884 1075 1942 lacuna
1097 1886 1153 1953 est,
1186 1901 1266 1959 quae
1289 1885 1328 1941 ab
1351 1884 1422 1941 aliis

247 1993 340 2048 verbo
365 1991 581 2065 occupationem,
613 1994 651 2049 ab
676 1992 744 2050 aliis
768 2010 842 2051 vero
866 1985 972 2049 tactam
995 1992 1117 2065 expleta
1139 1993 1195 2049 est.
1241 1990 1346 2066 Neque
1368 1990 1423 2049 illa

248 2098 419 2156 emendatio
450 2101 611 2173 propterea
642 2093 800 2173 probanda
831 2101 888 2166 est,
921 2099 994 2174 quia
1017 2098 1190 2155 Ciceronem
1220 2115 1281 2155 non
1312 2115 1422 2155 ausum

243 2222 317 2262 esse
341 2205 471 2263 scribere
487 2206 525 2263 ad
542 2205 702 2263 Gaesarem
712 2208 834 2278 propter
848 2205 909 2264 cias
924 2204 1133 2278 occupationem
1151 2204 1236 2263 nullo
1252 2204 1422 2262 litterarum

246 2311 314 2369 loco
339 2312 562 2385 cognoscimus.
597 2312 712 2370 Deinde
735 2313 877 2371 lacunam
893 2313 924 2370 in
940 2314 1043 2370 codice
1058 2313 1082 2370 T
1098 2330 1168 2370 esse
1184 2329 1238 2369 sex
1252 2312 1422 2370 litterarum

248 2418 361 2494 Tyrrell
396 2422 427 2476 et
460 2419 571 2477 Purser
601 2422 741 2477 auctores
773 2423 846 2478 sunt
869 2414 949 2500 (vol.
973 2420 1000 2477 Il
1031 2439 1059 2495 p.
1080 2418 1162 2497 137).
1207 2419 1366 2477 Postremo
1390 2420 1423 2476 in

247 2525 381 2600 epistula
420 2544 498 2602 quae
539 2529 587 2583 est
633 2527 686 2597 Qu.
716 2526 752 2585 fr.
784 2527 862 2585 1111.
894 2528 969 2585 haec
1012 2527 1128 2601 scripta
1165 2527 1317 2585 videmus:
1371 2525 1424 2583 aa

246 2631 406 2691 Britaaae'a
452 2631 557 2691 ansar
601 2632 640 2691 ad
683 2651 726 2691 rae
763 2633 832 2691 Kal.
863 2632 937 2707 Sept.
983 2634 1060 2692 amit
1104 2632 1221 2698 litterae,
1267 2650 1337 2708 qaas
1374 2650 1424 2707 epo

247 2738 343 2813 accepi
365 2758 391 2797 a.
408 2739 434 2798 cl.
450 2738 504 2798 IV.
520 2738 589 2798 Kal.
608 2738 667 2798 Oct.
693 2784 699 2797 .
724 2785 730 2797 .
756 2784 762 2798 .
787 2784 793 2798 .
819 2785 826 2798 .
860 2738 907 2798 Ad
929 2757 976 2799 eas
998 2758 1046 2815 epo
1076 2741 1103 2799 ei
1133 2740 1243 2798 litteras
1269 2739 1423 2799 111111100-

246 2844 351 2919 reapse·
372 2864 406 2905 ae
421 2846 587 2921 pratalaaclr'
608 2846 718 2922 quidem
741 2864 827 2906 caasa
844 2850 968 2921 propter
994 2847 1054 2906 etas
1077 2848 1181 2906 tactam
1205 2846 1238 2924 (a.
1256 2847 1318 2925 25).
1365 2848 1422 2905 Hic

246 2953 340 3027 igitur
361 2954 510 3011 habemus
535 2954 750 3028 significatum,
783 2972 837 3012 cur
860 2955 961 3012 Cicero
989 2972 1050 3012 non
1074 2972 1171 3012 ausus
1195 2954 1236 3012 sit
1258 2954 1422 3012 rescribere

248 3060 285 3117 ad
311 3060 480 3120 Gaesarem.
525 3061 632 3137 Itaque
646 3045 832 3119 'emendacio
850 3061 1053 3135 propterera
1076 3060 1181 3119 laetam
1202 3062 1235 3119 in
1258 3061 1422 3137 epistulam

249 3184 327 3241 quae
353 3170 401 3225 est
422 3168 494 3226 iam.
511 3168 604 3225 vlle.
635 3169 700 3225 iure
724 3172 846 3244 recepta
869 3172 925 3227 est.
972 3170 1016 3226 Ex
1044 3186 1080 3227 eo
1112 3169 1251 3237 efficitur,
1284 3172 1318 3225 ut
1341 3168 1421 3225 duos

247 3273 305 3330 hos
328 3274 413 3331 locos
438 3275 543 3332 eodem
565 3275 627 3333 iere
649 3277 785 3350 tempore
808 3276 939 3350 scriptos
965 3294 1034 3334 esse
1057 3294 1245 3334 censeamus

336 3380 475 3455 Epistula
498 3382 589 3455 igitur
606 3382 644 3439 ad
660 3382 836 3440 Trebatium
852 3383 925 3440 data
941 3384 995 3440 Vll
1008 3384 1036 3441 9.
1060 3402 1124 3441 una
1139 3402 1207 3441 cum
1223 3382 1326 3453 Quinti
1341 3380 1382 3441 Ill
1394 3382 1421 3441 1.

249 3490 381 3545 extremo
413 3506 515 3546 mense
539 3488 707 3563 Septembri
734 3489 856 3547 videtur
887 3491 983 3548 missa
1014 3479 1091 3559 esse,
1125 3508 1162 3547 ac
1192 3490 1220 3547 si
1249 3489 1318 3547 inde
1342 3488 1421 3547 duos

248 3610 377 3663 menses,
414 3596 524 3670 quibus
555 3596 674 3653 litteras
698 3615 731 3655 se
758 3614 819 3654 non
843 3597 965 3655 dedisse
988 3597 1090 3655 Cicero
1114 3598 1220 3655 scribit
1244 3595 1284 3673 (9,
1298 3594 1336 3672 1),
1369 3596 1422 3653 de-

244 3700 396 3771 ducimus,
423 3704 461 3759 ad
486 3706 651 3761 extremum
668 3704 838 3775 Quintilem,
865 3722 926 3779 quo
951 3704 1090 3779 superior
1105 3704 1157 3781 (IV
1170 3701 1199 3780 7)
1224 3704 1338 3779 scripta
1360 3706 1419 3771 est,

248 3808 449 3881 pervenimus.
495 3810 555 3867 Res
579 3810 671 3884 igitur
694 3828 798 3867 omnes
822 3812 898 3868 bene
922 3811 1084 3869 convenire
1108 3812 1255 3869 videntur.

581 4074 623 4154 E.
650 4073 708 4153 De
737 4074 922 4172 epistula
950 4075 1090 4157 v1117.

336 4218 454 4287 Restat,
480 4222 515 4277 ut
537 4218 726 4292 investigem,
753 4220 875 4295 quando
899 4220 1038 4294 proxima
1061 4220 1193 4295 epistula
1207 4221 1260 4278 Vll
1275 4221 1324 4280 17.
1347 4222 1422 4279 data

248 4324 297 4382 sit.
343 4325 544 4401 Animumque
568 4328 725 4384 vertamus
753 4327 792 4383 ad
815 4326 914 4401 prima
937 4327 1003 4385 eius
1026 4330 1133 4386 verba:
1163 4327 1215 4385 Ea
1237 4327 1296 4386 tais
1318 4327 1421 4387 litteris
