3275 4959
689 391 937 469 '-4c-

241 590 368 665 suspecto
388 591 518 647 exeunte
541 589 601 646 iam
625 606 728 647 mense
752 588 839 646 lunio
864 589 955 647 scribi
978 591 1121 664 poterant
1143 607 1241 665 neque
1264 590 1425 659 habemus,

241 713 293 753 cur
321 695 382 753 alio
413 695 580 771 posteriore
612 697 747 770 tempore
775 714 813 753 ea
836 696 950 770 scripta
973 712 1042 753 esse
1066 712 1256 755 censeamus.
1302 696 1370 767 Qua
1391 714 1426 755 re
1450 719 1453 722 ·

239 801 272 860 in
294 802 353 860 hae
376 802 557 877 quaestione
582 802 779 859 diiudicanda
801 801 923 859 inutilia
944 801 1006 860 tere
1030 805 1111 861 sunt

329 909 495 967 Videamus
526 925 619 977 nune,
652 908 806 967 meliorem
838 926 911 966 nurn
941 909 1110 967 habeamus
1142 908 1208 967 eius
1238 910 1282 968 rei
1304 928 1424 970 ausam.
1492 973 1496 979 ,

238 1016 339 1091 Atque
364 1016 509 1090 scriptum
532 1015 688 1075 videmus:
719 1013 843 1091 Scripsit
868 1014 907 1074 ad
928 1033 973 1074 me
995 1014 1101 1075 eluar
1121 1016 1334 1092 peremitur
1353 1034 1425 1076 aeu-

238 1123 306 1181 dum
329 1126 354 1180 te
376 1120 431 1181 sebi
452 1121 521 1181 satis
543 1121 718 1195 familiarem
739 1125 857 1199 propter
879 1122 1073 1198 occupationes
1095 1139 1173 1196 suas,
1196 1122 1244 1182 sed
1266 1127 1338 1183 certe
1359 1124 1427 1197 sore

239 1228 274 1307 16.
295 1227 331 1306 1).
388 1229 560 1300 Quaeritur,
595 1229 708 1287 Caesar
736 1230 859 1304 quando
894 1228 1109 1306 perhumaniter
1142 1230 1179 1287 de
1209 1230 1351 1288 Trebatio
1382 1230 1421 1289 ad

239 1336 411 1395 Ciceronem
445 1335 607 1411 scripserit
660 1336 736 1394 Miro
772 1336 862 1394 modo
894 1336 924 1393 id
961 1336 1105 1411 cognosci
1138 1336 1258 1395 videtur
1288 1337 1425 1412 epistula

238 1444 292 1513 Qu.
308 1443 343 1504 ir.
367 1443 394 1500 II
409 1443 468 1523 Ι13;
492 1443 569 1501 haec
585 1443 662 1501 enim
678 1444 709 1499 in
725 1460 763 1500 ea
777 1442 899 1501 insunt:
928 1441 1090 1501 Trebatium
1104 1442 1177 1518 qued
1191 1441 1229 1501 ud
1244 1460 1272 1502 se
1286 1442 1422 1517 miserim,

232 1548 413 1623 persalse
441 1552 475 1607 et
504 1548 725 1607 bamauiter
754 1549 840 1607 etiam
866 1547 977 1624 pretim
998 1549 1071 1608 mibi
1092 1549 1168 1625 epit·
1189 1553 1271 1625 ceput
1292 1550 1367 1609 euim
1389 1550 1420 1609 iu

237 1658 318 1715 tauta
340 1654 520 1714 multitudiue
549 1672 661 1728 eorum,
692 1654 741 1731 qai
763 1674 820 1715 uua
843 1659 943 1728 essmt,
965 1673 1128 1731 66666666
1150 1657 1248 1730 fuisse,
1270 1656 1423 1733 66166611-

236 1762 364 1825 menium
387 1760 530 1836 concipere
550 1765 643 1835 posset
667 1760 701 1839 (a.
719 1761 759 1839 31.
799 1762 913 1821 Caesar
935 1762 1028 1838 igitur
1051 1763 1162 1822 litteris
1186 1781 1214 1821 a.
1235 1765 1262 1824 d.
1278 1764 1326 1823 111.
1342 1765 1421 1827 Non.

236 1871 299 1928 iun.
330 1869 432 1927 Marco
463 1868 606 1937 redditis,
640 1886 731 1943 quam
763 1870 870 1927 suavis
903 1869 1006 1939 Quinti
1036 1869 1095 1927 sibi
1124 1869 1238 1928 1616661
1267 1871 1421 1930 adventus

235 1974 302 2054 (Qu.
326 1976 360 2035 ir.
383 1973 503 2052 113,1)
535 1975 656 2051 aliaque
684 1976 886 2034 humanitatis
914 1976 1013 2034 multa
1035 1976 1129 2035 verba
1152 1980 1183 2035 et
1206 1977 1242 2035 de
1265 1978 1419 2046 Trebatio,

236 2102 316 2160 quae
340 2083 444 2151 attuli,
478 2082 650 2158 scripserat.
697 2084 793 2154 Quam
817 2083 960 2141 Caesaris
984 2082 1147 2158 epistulam
1171 2084 1297 2141 eandem
1318 2078 1420 2144 fuisse

236 2209 273 2249 ac
290 2207 370 2267 quae
387 2190 418 2247 in
430 2190 550 2248 Trebati
567 2189 701 2264 epistula
713 2189 765 2247 VH
777 2184 806 2249 8.
819 2192 1004 2248 memoratur
1016 2191 1217 2249 demonstrari
1229 2208 1321 2265 posse
1334 2195 1420 2267 puto.

325 2298 369 2355 Ae
392 2296 520 2372 primum
545 2296 666 2373 quidem
691 2297 786 2355 altero
810 2297 879 2356 loeo
904 2292 1180 2380 (Qu.fr.1113‚3)
1204 2298 1442 2375 0666666616,

235 2404 377 2463 Trebatio
412 2405 528 2477 gratias
560 2404 658 2479 egisse
690 2404 790 2463 verbis
818 2404 896 2480 ipsis
921 2403 1128 2478 cognoscitur,
1162 2421 1200 2462 ex
1223 2404 1320 2463 altero
1343 2423 1420 2465 vero

236 2510 316 2588 (fam.
340 2510 394 2568 vil
412 2511 441 2576 8,
458 2509 487 2587 1)
510 2510 589 2569 idem
614 2511 854 2569 concludendum
877 2513 933 2569 est.
973 2510 1085 2569 Caesar
1105 2511 1191 2581 enim,
1218 2515 1304 2570 uteo
1320 2515 1417 2587 patet,

200 2704 204 2711 .
236 2619 317 2693 quod
348 2617 508 2676 familiaris
539 2618 673 2675 nondum
704 2618 782 2676 satis
814 2617 874 2675 sibi
905 2619 988 2675 esset
1010 2618 1188 2687 Trebatius,
1220 2619 1354 2677 Ciceroni
1382 2638 1420 2678 se

235 2728 445 2784 excusaverat.
492 2723 550 2781 Vix
578 2725 696 2783 credere
718 2724 789 2782 licat
812 2742 880 2782 eum
903 2725 964 2782 iam
988 2727 1081 2783 antea
1103 2725 1139 2783 de
1155 2725 1297 2784 Trebatio
1321 2725 1418 2784 misso

235 2832 412 2906 scripsisse,
446 2832 535 2907 quia,
569 2832 596 2889 si
628 2832 819 2905 scripsisset,
851 2832 917 2890 eius
941 2832 1021 2889 modi
1046 2832 1261 2890 excusatione:
1291 2832 1420 2903 aradam

109 2918 112 2922 ’
232 2938 433 3013 [Trebatium]
455 2937 511 2997 sibi
533 2938 682 2997 61166666
703 2937 879 3012 familiarem
897 2920 1020 3012 propter
1041 2937 1238 3019 occupationes
1260 2956 1341 3012 suas,
1368 2938 1420 2997 sed

234 3048 306 3104 certe
324 3046 400 3119 fore,
424 3045 576 3103 Ciceronis
600 3046 733 3103 animum
748 3045 840 3104 facile
855 3046 1045 3113 offendisset,
1070 3045 1101 3103 id
1117 3045 1197 3120 quod
1214 3049 1279 3103 tum
1296 3064 1420 3105 summa

234 3155 300 3209 arte
324 3152 443 3211 vitavit.
491 3154 557 3223 Qua
580 3170 611 3209 re
634 3152 720 3210 locus
744 3152 793 3210 hic
817 3153 862 3210 sic
878 3152 1097 3227 intellegendus
1121 3155 1177 3220 est,
1203 3156 1239 3210 61
1254 3152 1417 3211 Gaesarem

232 3261 298 3316 tum
326 3259 455 3334 primum
485 3259 521 3316 de
553 3276 589 3316 eo
613 3259 653 3315 ad
668 3258 803 3325 Marcum
825 3259 987 3334 scripsisse
1003 3277 1182 3318 censeamus
1200 3262 1230 3317 61
1244 3259 1275 3316 id
1292 3260 1417 3334 quidem

232 3365 339 3425 iisdem
369 3365 487 3434 litteris,
513 3365 625 3441 quibus
649 3365 685 3423 de
709 3365 812 3435 Quinti
836 3366 972 3423 adventu
995 3367 1138 3439 gaudium
1160 3384 1250 3425 suurn
1272 3366 1416 3442 prodidit.

230 3471 342 3530 Tacite·
356 3473 435 3529 enim
461 3472 529 3529 fieri
551 3474 681 3547 poterat,
713 3475 757 3539 ut,
783 3471 865 3547 quod
882 3474 914 3528 61
940 3472 999 3529 1611
1018 3474 1054 3531 de
1070 3474 1211 3543 Trebatio
1227 3473 1416 3532 rescribendi

232 3578 377 3647 61116166,
399 3592 513 3654 usque·
525 3580 563 3637 ad
580 3578 683 3659 Quinti
706 3579 871 3637 adventum
895 3578 1019 3636 reiceret
1041 3583 1072 3636 61
1093 3583 1159 3637 166
1178 3577 1287 3638 iisdem
1302 3580 1417 3650 litteris

230 3688 270 3747 61·
287 3686 324 3743 de
348 3686 490 3748 Trebatio
514 3686 603 3748 etde
628 3686 738 3756 Quinto
762 3686 859 3743 misso
883 3683 1001 3759 gratias
1024 3689 1134 3758 ageret.
1447 3719 1452 3727 ·

258 3852 260 3855 ,
321 3792 436 3871 Deinde
459 3793 581 3854 duobus
605 3792 667 3850 illis
690 3792 765 3851 loeis
789 3795 820 3850 et
844 3791 898 3861 Qu.
920 3792 956 3850 fr.
979 3790 1007 3848 11
1026 3791 1115 3860 13,3.
1139 3792 1368 3869 6116611118,
1384 3796 1415 3851 1.

227 3899 337 3958 iisdem
361 3900 425 3957 fere
447 3900 548 3959 verbis
573 3899 714 3957 Caesaris
738 3899 890 3959 scribendi
912 3900 1061 3957 rationem
1086 3899 1187 3957 Cicero
1217 3900 1415 3974 significavit

230 4005 311 4063 Dicit
338 4006 419 4065 enim
452 4005 549 4068 altero
564 4006 648 4069 ¹loco
674 4004 948 4083 (Qu.fr.1113,3)
973 4006 1133 4075 Gaesarem
1162 4006 1325 4081 scripsisse
1342 4023 1413 4080 per·

227 4111 301 4171 salse
329 4116 356 4171 et
381 4112 568 4185 buruaaiter,
589 4113 685 4171 altero
710 4111 935 4186 perbumauiter.
981 4112 1087 4189 Itaque
1119 4114 1241 4171 easdem
1270 4113 1411 4173 Caesaris

229 4217 349 4279 litteras
373 4219 546 4293 significare
568 4220 633 4278 iure
657 4219 874 4283 concludimus.
1093 4286 1096 4289 ,
1184 4286 1188 4291 ,
1375 4287 1399 4294 Δ,

268 4326 453 4395 31166661
476 4327 521 4387 116
544 4322 634 4394 6661,
652 4327 772 4394 16666,
798 4344 861 4401 qua
883 4327 1028 4401 temporis
1051 4328 1199 4399 rationem
1223 4330 1412 4400 statuamus,
