3275 4959
759 340 981 397 ..42„.

285 517 392 575 Totius
417 517 495 575 enim
526 518 567 575 rei
592 517 681 593 quasi
705 518 796 575 cardo
829 517 861 575 in
889 536 924 576 eo
948 521 1099 587 versatur,
1133 523 1168 576 ut
1199 520 1280 575 certo
1312 518 1455 588 sciamus,

284 623 408 698 quando
437 626 571 682 extrema
601 624 734 699 epistula
757 624 876 681 Gallica
899 624 973 682 data
997 625 1051 694 sit;
1083 628 1268 699 quapropter
1290 626 1348 683 hoc
1370 627 1456 702 prius
1572 646 1575 660 ·

284 730 528 805 investigandum
553 734 607 790 est.

372 837 493 895 Marcus
518 838 604 905 enim,
629 838 808 913 priusquam
833 838 996 913 epistulam
1012 839 1037 895 II
1053 838 1101 897 14.
1125 839 1276 910 scriberet,
1302 856 1322 895 a
1346 833 1456 908 Quinto

284 947 447 1001 extremam
472 944 619 1001 Gallicam
643 945 798 1018 accepisse
822 944 950 1012 videtur,
976 945 1006 1002 id
1031 945 1112 1021 quod
1132 945 1233 1003 verbis
1250 946 1457 1017 cognoscitur:

283 1048 391 1109 Scribis
422 1049 496 1109 caim
526 1054 552 1108 te
581 1032 656 1109 meos
687 1050 796 1109 litteras
826 1051 984 1127 superiores
1015 1051 1069 1109 uix
1098 1051 1185 1126 tepere
1208 1051 1335 1125 potuisse
1367 1050 1394 1128 (c
1421 1050 1457 1127 1).

284 1157 370 1215 Certe
405 1175 507 1215 mense
541 1157 666 1229 Quintili
700 1158 814 1215 Romae
849 1176 888 1215 ea
921 1158 1039 1215 reddita
1073 1161 1129 1225 est,
1170 1159 1244 1233 quia
1277 1158 1370 1216 Marci
1404 1157 1459 1214 illa
1572 1195 1574 1202 ι

284 1264 418 1339 epistula
449 1267 521 1339 post
551 1265 623 1321 Idus
654 1263 672 1322 i.
697 1282 721 1321 c.
754 1270 887 1322 extremo
927 1283 1029 1322 mense
1061 1265 1185 1335 Quintili
1220 1264 1368 1339 rescripta
1398 1266 1457 1332 est,

285 1389 381 1446 neque
405 1371 579 1429 accuratius
610 1352 731 1446 tempus
763 1371 913 1445 explorari
944 1374 1055 1445 potest.
1102 1372 1194 1447 Atqui
1226 1390 1304 1446 quae
1328 1371 1458 1440 Quintus
1509 1365 1512 1371 ’

278 1479 320 1535 .de
336 1478 438 1536 fratris
455 1477 557 1536 litteris
571 1478 763 1553 superioribus
786 1478 907 1552 scripsit
922 1495 983 1535 non
1007 1478 1046 1536 ad
1063 1478 1224 1553 epistulam
1241 1478 1330 1535 1113.
1354 1478 1457 1535 referri

286 1602 380 1660 supra
405 1584 610 1643 conclusimus
636 1583 673 1661 (p.
691 1583 847 1662 23-24);
872 1602 996 1657 ergone
1013 1603 1050 1642 ea
1066 1585 1187 1660 quidem
1202 1585 1353 1659 epistulae
1369 1584 1395 1641 ll
1410 1584 1458 1642 13.

284 1692 429 1749 terminus
463 1692 618 1750 statuitur.
649 1691 826 1761 significare
861 1692 938 1749 enim
977 1692 1098 1749 ridetur
1133 1691 1264 1761 Quintus
1295 1691 1457 1766 epistulam
1574 1695 1576 1708 '

284 1798 362 1855 inter
385 1798 474 1855 1112.
507 1801 537 1855 et
564 1797 658 1855 1113.
690 1798 835 1872 scriptam
871 1796 917 1874 (ci.
947 1797 1078 1875 ibidem),
1116 1816 1194 1873 quae
1228 1798 1362 1855 fortasse
1395 1799 1456 1854 iam

285 1905 385 1962 medio
410 1922 512 1962 mense
535 1904 627 1961 lunio
651 1904 682 1960 in
706 1904 772 1961 eius
796 1904 938 1962 manibus
961 1904 1029 1961 fuit.
1075 1905 1149 1962 Cum
1173 1906 1211 1962 ad
1239 1922 1306 1963 eam
1328 1904 1459 1979 rescrip-

286 2011 381 2069 sisset
412 2030 427 2067 e
459 2010 568 2077 Gallia,
601 2010 720 2067 litterae
751 2010 1035 2069 intermittebantur.
1089 2011 1196 2087 ltaque
1219 2010 1412 2069 intervallum
1436 2010 1459 2067 L

285 2117 415 2192 amplius
440 2117 563 2184 dierum,
590 2133 650 2192 quo
675 2117 795 2174 Marcus
822 2117 909 2175 valde
933 2120 1109 2190 angebatur,
1135 2118 1205 2175 indo
1227 2117 1317 2175 iacile
1330 2117 1458 2176 ducitur.
1576 2171 1578 2182 ,

374 2224 532 2282 Postremo
555 2224 714 2299 inquiram,
741 2225 792 2299 qui
815 2224 932 2281 iactum
956 2225 1006 2290 sit,
1042 2228 1078 2282 ut
1108 2224 1158 2281 illo
1182 2227 1317 2299 tempore
1339 2223 1459 2281 litterae

285 2331 565 2399 intermitterentur3
590 2331 672 2406 quod
696 2331 756 2388 luit
778 2332 817 2388 ab
842 2350 869 2391 a.
894 2332 920 2389 d.
944 2331 990 2389 XI.
1014 2331 1081 2391 Kal.
1098 2331 1191 2398 Sext,
1216 2348 1277 2407 quo
1300 2330 1458 2404 navigatio

285 2438 370 2496 facta
394 2441 450 2507 est,
475 2440 605 2513 tempus,
631 2438 680 2495 hic
704 2438 842 2496 omittere
865 2438 948 2506 licet;
973 2438 1119 2512 reliquam
1143 2440 1246 2495 autem
1266 2437 1373 2511 viginti
1396 2437 1460 2493 iere
1576 2473 1579 2480 «

287 2546 420 2620 quinque
445 2546 557 2603 dicrum
582 2563 619 2602 ex
642 2546 732 2603 rebus
758 2544 882 2601 Gallicis
906 2545 995 2602 facile
1019 2545 1196 2619 explicatur.
1243 2544 1354 2602 Cacsar
1369 2543 1458 2608 enim,

286 2653 462 2728 priusquam
485 2652 517 2708 in
540 2652 729 2709 Britanniam
752 2651 901 2719 traiceret,
934 2653 1078 2726 inportu
1102 2652 1168 2719 ltio,
1203 2668 1264 2725 quo
1295 2650 1460 2707 exercitum

287 2760 433 2833 coegerat,
460 2761 582 2833 propter
607 2758 675 2817 (lori
698 2759 782 2816 venti
804 2758 995 2833 iniquitatem
1010 2758 1092 2814 XXV
1113 2758 1176 2815 fere
1192 2758 1257 2815 dics
1274 2757 1461 2814 retinebatur

287 2864 365 2942 (bell.
381 2883 408 2939 g.
425 2866 460 2934 V,
476 2865 514 2943 7).
561 2866 626 2936 Quo
658 2866 761 2940 spatio
792 2865 912 2922 litterae
942 2865 1083 2923 videntur
1105 2866 1298 2922 intermissae
1322 2881 1399 2930 esse,
1429 2862 1461 2921 id
1577 2851 1580 2866 ¹

287 2973 368 3048 quod
386 2976 471 3029 ¹certa
495 2973 610 3029 factum
633 2974 683 3029 est
706 2972 846 3030 Caesaris
869 2972 1005 3047 imperi0‚
1031 2972 1080 3029 cui
1103 2989 1140 3029 eo
1163 2971 1285 3029 facilius
1310 2971 1461 3044 obseque-

287 3081 406 3147 bantur,
433 3078 513 3155 quod
538 3080 604 3136 eius
627 3078 779 3137 tabellarii
797 3079 855 3136 soli
871 3080 996 3136 nuntios
1012 3079 1140 3136 Romam
1155 3078 1351 3153 pertulerunt
1381 3077 1461 3134 Ante

286 3186 369 3243 illam
401 3186 479 3243 enim
502 3185 583 3243 XXV
617 3186 730 3243 dierum
766 3185 1032 3243 commorationem
1067 3203 1087 3242 a
1121 3184 1249 3243 Caesare
1284 3186 1315 3241 et
1348 3183 1461 3253 Quinto

287 3292 417 3367 aliisque
442 3292 559 3349 litteras
584 3295 735 3350 extremas
760 3291 894 3349 Gallicas
918 3293 1052 3367 Romam¹
1077 3291 1167 3348 datas
1195 3309 1264 3349 csse
1288 3307 1460 3358 censemus;

287 3404 352 3456 tum
383 3399 527 3473 proximis
559 3400 666 3456 dicbus
698 3398 863 3455 exercitum
893 3399 1054 3456 traiectum
1084 3398 1121 3455 iri
1152 3400 1341 3471 sperabatur.
1388 3396 1461 3453 Cum

288 3508 391 3564 autem
416 3505 511 3563 (lorus
534 3509 646 3563 ventus
671 3507 758 3562 ortus
782 3507 873 3572 esset,
899 3522 984 3562 mora
1011 3505 1042 3562 in
1074 3504 1138 3562 dies
1170 3504 1266 3562 maior
1299 3504 1384 3561 iacta
1413 3505 1463 3559 est

287 3630 385 3688 neque
422 3612 534 3670 Caesar
567 3612 707 3669 nuntium
742 3612 820 3669 mitti
855 3612 966 3679 voluit,
1011 3630 1048 3669 ne
1087 3612 1224 3669 homines
1259 3609 1390 3667 Romani
1424 3609 1461 3666 de

288 3719 523 3776 commoratione
547 3719 693 3783 ‘certiores
716 3718 791 3776 facti
813 3718 912 3775 falsos
936 3735 1072 3775 rumores
1096 3718 1267 3792 anxiosque
1290 3716 1459 3782 funderent,
1579 3727 1581 3736 ·

288 3826 362 3901 quia
385 3825 539 3899 superiore
561 3826 630 3900 ipso
655 3842 735 3882 anno
760 3825 911 3883 exercitus
939 3825 1135 3897 navigatione
1158 3824 1335 3881 Britannica
1366 3820 1461 3878 multa

288 3933 468 3989 detrimenta
506 3935 642 4006 ceperat;
682 3934 839 4005 praeterea
875 3930 970 4005 primo
1010 3948 1131 4005 quoque
1168 3934 1304 4004 tempore
1342 3928 1461 3985 litteras

288 4039 480 4113 Britannicas
512 4037 633 4113 perferri
666 4054 758 4112 posse
789 4038 973 4113 sperandum
1006 4040 1079 4095 erat
1132 4038 1179 4094 Ita
1209 4037 1312 4093 Marco
1347 4034 1463 4091 dierum

289 4145 420 4219 amplius
454 4144 478 4201 L
511 4144 672 4202 intervallo
707 4144 782 4201 nihil
816 4162 836 4201 a
868 4144 970 4213 fratre
1007 4144 1082 4201 nihil
1116 4162 1136 4200 a
1166 4143 1297 4201 Caesare
1331 4140 1464 4199 adfluxit

289 4250 340 4328 (lll
358 4253 386 4321 3,
401 4250 428 4318 ll
453 4253 492 4322 et,
517 4268 584 4309 cum
608 4250 798 4327 aliquantum
821 4250 967 4325 temporis
990 4250 1107 4308 frustra
1133 4250 1385 4325 exspectavisset
1418 4247 1465 4304 ita
