3275 4959
685 341 909 399 -31-

208 517 541 596 0001010101ρ.251
565 518 724 593 explicavi.
769 520 814 577 Ac
838 519 865 576 si
888 521 927 577 ab
957 520 1027 595 ipso
1051 519 1185 578 Asconio
1209 539 1247 577 00
1268 521 1383 579 tradita

208 629 321 693 esseut,
346 643 384 684 ne
407 642 463 700 ego
487 626 608 701 quidem
632 626 813 696 dubitarem
838 630 961 701 propter
984 620 1120 684 summas
1140 629 1242 684 autem
1259 628 1381 685 dubita·

206 734 318 802 tiones,
343 734 380 791 de
403 733 515 809 quibus
539 733 679 801 disserui,
705 734 743 791 iis
766 750 871 791 verum
886 733 1002 791 Asconi
1024 734 1232 791 testimoninm
1248 734 1382 792 exhiberi

209 858 268 897 nou
293 841 390 907 oredo,
416 841 469 898 sed
494 840 693 898 scholiastam
716 839 827 897 falsam
848 857 910 897 rem
926 840 1105 915 prodidisse.
1150 840 1310 915 Meumque
1333 843 1382 898 est

207 946 367 1021 explicare.
393 947 446 1023 qui
469 948 584 1005 factum
609 948 657 1014 sit,
683 950 718 1004 nt
740 947 819 1004 hanc
842 965 904 1004 rem
927 946 1039 1004 falsam
1066 950 1224 1023 tamquam
1247 946 1382 1005 certissi-

207 1071 288 1112 mam
311 1054 458 1129 proderet

296 1160 400 1236 Neque
425 1161 548 1219 difficile
571 1164 620 1220 est
643 1179 768 1219 causam
792 1162 936 1220 iuvenire.
982 1162 1064 1219 Usus
1089 1162 1167 1219 enim
1198 1163 1246 1219 est
1268 1161 1382 1219 Asconi

206 1268 422 1326 commentario
457 1267 497 1325 ad
529 1269 695 1327 orationem
728 1269 927 1326 Scaurianam
957 1268 1081 1343 scripto,
1113 1268 1145 1325 in
1175 1267 1263 1325 cuius
1293 1268 1380 1326 initio

207 1376 284 1434 haec
306 1375 457 1433 videmus:
480 1374 568 1441 Hauc
589 1392 694 1449 quoquc
713 1374 870 1434 0101100010
884 1375 985 1434 eram
1001 1373 1260 1444 0011010100,
1283 1373 1382 1448 01011110

200 1499 260 1556 pro
281 1481 403 1554 Vatinio,
434 1480 470 1540 L.
494 1480 625 1540 Domitio
648 1481 830 1541 Ahenobarbo
860 1481 956 1557 Appio
980 1481 1099 1541 Claudio
1129 1480 1254 1540 Pulchro
1285 1497 1381 1539 0011011-

207 1589 279 1647 libus
303 1587 342 1665 (p.
362 1587 420 1659 16).
456 1589 500 1646 Ex
514 1589 562 1647 his
580 1589 749 1648 scholiasta
764 1591 843 1648 hanc
860 1588 1085 1647 conclusionem
1100 1589 1181 1647 10011.
1208 1587 1382 1646 Ciceronem

206 1697 267 1755 illis
293 1696 471 1754 consulibus
495 1697 574 1755 duas
598 1698 752 1755 orationes
776 1713 832 1777 pro
848 1697 971 1755 Vatinio
988 1698 1019 1753 et
1033 1712 1087 1771 pro
1104 1696 1219 1753 Scauro
1235 1695 1381 1754 habuisse

208 1804 359 1861 Asconius
394 1803 534 1878 prodidit,
572 1807 603 1862 et
637 1804 742 1861 eodem
778 1821 859 1861 anno
893 1803 998 1861 Planci
1033 1803 1177 1860 iudicium
1211 1803 1309 1860 fuisse
1344 1818 1381 1859 ex

206 1911 358 1969 Ciceronis
390 1910 536 1978 oratione,
569 1911 601 1967 in
632 1928 694 1985 qua
726 1911 755 1968 C.
779 1910 893 1968 Allium
920 1911 1057 1979 Flavum,
1091 1910 1157 1968 eius
1190 1909 1262 1967 anni
1292 1926 1381 1983 prae·
1468 1958 1471 1961 ,

205 2020 311 2086 torem,
338 2017 440 2075 Cicero
464 2018 640 2086 nominavit,
666 2019 801 2093 apparet.
847 2018 942 2093 Atqui
965 2018 1073 2075 Scauri
1104 2034 1202 2075 causa
1228 2016 1311 2075 dicta
1334 2016 1382 2073 est

206 2125 244 2182 de
267 2125 455 2199 repetundis;
480 2141 550 2199 ergo
573 2123 623 2182 1110
646 2125 803 2199 proximus
827 2142 907 2192 reus,
940 2142 1029 2199 quem
1053 2124 1155 2183 Cicero
1185 2124 1217 2181 iu
1241 2122 1381 2182 oratione

206 2249 261 2306 pro
285 2231 409 2289 Plancio
441 2232 548 2289 habita
571 2235 717 2289 memorat
740 2230 878 2307 (lonc),
912 2231 1045 2289 Scaurus
1078 2249 1147 2289 csse
1176 2248 1240 2289 non
1268 2229 1378 2305 potuit,

132 2358 134 2363 ’
206 2338 299 2412 igitur
321 2338 401 2396 alius
424 2356 486 2395 non
509 2337 568 2395 init
590 2338 650 2396 nisi
666 2338 818 2396 Vatinius,
866 2338 1020 2395 Vatinium
1044 2340 1146 2396 autem
1169 2339 1205 2395 nt
1223 2337 1380 2396 Plancium

208 2446 244 2502 de
268 2445 425 2503 sodaliciis
449 2462 533 2503 reum
548 2445 662 2503 factum
680 2462 748 2503 esse
770 2462 851 2503 anno
867 2444 940 2505 LIV.
956 2445 1092 2503 eiusdem
1108 2444 1176 2503 solo
1193 2444 1380 2503 scholiastae

205 2551 381 2610 testimonio
393 2551 535 2611 traditur:
551 2569 650 2627 neque
662 2552 812 2610 Ciceronis
831 2551 998 2611 orationem
1010 2552 1166 2610 habemus.
1190 2551 1381 2625 Quapropter

206 2657 280 2717 nihil
304 2662 435 2724 constat,
460 2662 561 2716 utrum
585 2660 618 2717 P.
634 2658 776 2717 Vatinius
800 2677 833 2716 10
855 2677 930 2717 vera
952 2676 991 2716 ex
1012 2658 1077 2733 1030
1096 2658 1213 2716 Licinia
1235 2657 1272 2714 de
1288 2658 1380 2715 soda-

207 2765 285 2823 liciis
310 2769 475 2824 accusatus
500 2766 603 2824 sitan
628 2766 688 2824 alio
713 2765 845 2824 crimine.
890 2765 959 2823 Non
983 2765 1099 2833 dubito,
1124 2764 1198 2840 quin
1219 2764 1380 2822 abeodem

207 2872 238 2931 C.
262 2872 375 2930 Licinio
400 2872 494 2930 Calvo
526 2872 703 2948 postulatus
727 2874 781 2942 sit,
815 2873 867 2948 qui
898 2890 966 2931 eum
996 2889 1077 2930 anno
1101 2871 1171 2931 LVL
1203 2871 1240 2930 de
1263 2870 1381 2930 ambitu

205 2977 394 3055 accusavitll
427 2982 457 3037 01
488 2980 517 3036 id
550 2980 670 3055 quidem
700 2980 808 3037 iterum
841 2980 945 3055 aliquo
977 2979 1110 3038 ambitus
1141 2978 1272 3047 crimine,
1306 2977 1380 3053 quia

205 3104 287 3143 anno
312 3086 475 3161 superiore,
501 3104 568 3145 enm
585 3087 727 3144 Vatinius
752 3090 926 3161 praeturam
950 3087 1194 3161 consequeretur,
1220 3084 1379 3143 consulum

205 3192 324 3250 artibus
348 3194 492 3251 uoniam
516 3193 665 3268 postulari
688 3190 848 3269 poteratl).
892 3192 1006 3269 Neque,
1039 3192 1067 3251 si
1089 3210 1195 3250 revera
1225 3192 1262 3249 de
1285 3191 1379 3249 soda-

205 3298 283 3357 liciis
308 3299 434 3374 exlege
457 3300 571 3359 Licinia
601 3303 768 3359 accusatus
792 3302 850 3368 est,
882 3300 1028 3375 sequitur,
1061 3301 1096 3357 ut
1125 3300 1192 3374 ipse
1223 3298 1379 3373 proximus

204 3424 276 3464 neus
300 3407 399 3473 luerit,
429 3407 480 3483 qui
505 3411 575 3465 ante
591 3407 748 3465 Plancium
771 3407 808 3464 de
832 3408 937 3465 eodem
960 3406 1081 3464 crimine
1105 3422 1231 3463 causam
1252 3405 1379 3463 dixerat.

203 3512 282 3570 Nam
306 3532 489 3589 quamquam
521 3518 597 3589 quot
628 3514 670 3573 101
700 3514 812 3573 11101101
844 3515 880 3572 de
912 3512 1068 3571 sodaliciis
1099 3530 1137 3570 ex
1164 3512 1230 3587 1030
1252 3511 1377 3577 Licinia,

204 3622 370 3694 antequam
401 3620 506 3678 Planci
536 3621 681 3679 iudicium
711 3639 814 3679 mense
845 3620 954 3679 Martio
978 3621 1069 3688 essct,
1100 3618 1159 3677 dici
1181 3636 1243 3679 non
1266 3620 1376 3694 potest,

203 3729 307 3784 tamen
338 3727 417 3787 alios
442 3745 563 3803 quoqne
585 3728 692 3795 fuisse,
725 3746 777 3802 per
807 3746 841 3785 00
873 3728 936 3786 veri
970 3727 1067 3785 simile
1099 3729 1155 3784 est
1208 3726 1247 3783 Se
1278 3726 1379 3800 ipsum

205 3833 334 3907 proximi
358 3834 400 3891 101
424 3834 611 3893 defensorem
634 3834 732 3893 fuisse
756 3835 858 3892 Cicero
882 3834 913 3891 in
937 3833 1075 3893 oratione
1099 3850 1160 3891 non
1183 3833 1264 3890 dicit

295 3940 486 3999 Scholiastae
509 3942 601 4017 igitur
625 3943 660 3998 de
684 3960 721 3999 00
744 3960 775 4000 10
798 3941 1007 3999 testimonium
1026 3940 1139 3999 falsum
1155 3958 1224 3998 esse
1241 3939 1378 4015 equidem

201 4080 419 4091 ----——.

259 4180 261 4184 ’
296 4169 314 4234 'l
334 4166 437 4237 Lange,
458 4166 504 4221 lll.
524 4183 550 4237 p.
563 4166 625 4222 337.

295 4255 314 4324 ²}
333 4256 438 4326 Lange,
459 4256 476 4310 1.
490 4272 511 4309 0.
