3275 4959
675 345 900 403 -25-

195 532 253 587 aut
282 527 378 603 primo
406 524 574 599 Septembri
596 526 783 598 putaverunt
792 521 829 601 ¹).
869 524 976 600 Neque
1005 524 1087 582 ludis
1109 524 1256 583 Romanis
1285 525 1373 600 ipsis,

195 636 277 693 circa
299 634 405 692 Nonas
428 632 510 707 Sept.
533 631 563 688 id
585 630 698 699 misse,
722 631 753 689 id
777 632 861 707 quod
882 630 1018 690 Koerner
1038 624 1080 711 (p.
1095 630 1239 709 49-51)
1262 631 1375 707 aliique

199 742 379 805 voluerunt,
412 739 526 796 clarum
557 734 643 815 est').
693 738 794 813 Atque
817 738 965 797 Wunderi
993 740 1044 797 usi
1074 742 1148 797 sunt
1178 755 1283 798 omnes
1312 738 1376 796 tere

198 846 459 923 argumentatione
489 846 555 907 hac.
600 846 738 921 Apparet
758 846 916 904 Plancium
947 846 1134 904 aedilitatem
1155 846 1271 921 petisse
1294 863 1375 904 anno

196 955 352 1013 achan.
376 954 435 1011 LV.
460 953 510 1012 Cn.
533 953 677 1028 Pompeio
707 952 746 1011 M.
768 952 884 1011 Licinio
916 952 1027 1011 crasso
1057 953 1166 1011 itemm
1196 952 1375 1011 consulibus

200 1065 291 1137 atque
321 1063 442 1136 propter
473 1059 664 1119 comitiorum
695 1060 874 1119 dilationem
901 1060 1001 1119 serius
1024 1060 1152 1118 aedilem
1174 1063 1326 1128 creatum,
1355 1077 1376 1117 a

198 1169 362 1235 Laterensi,
387 1168 584 1242 competitore
607 1185 675 1237 suo,
700 1167 738 1224 de
754 1167 911 1226 sodaliciis
930 1167 1050 1241 exlege
1065 1166 1181 1225 Licinia
1195 1170 1375 1225 accusatum

197 1294 268 1335 esse
291 1292 372 1333 anno
395 1276 533 1349 proximo
555 1274 628 1333 LIV.
671 1274 765 1350 Atqui
787 1274 958 1333 scholiasta
979 1274 1140 1333 Bobiensis
1163 1275 1196 1332 P.
1218 1273 1376 1333 Vatinium

201 1386 271 1443 ante
292 1382 450 1440 Plancium
473 1382 510 1439 de
534 1381 690 1441 sodaliciis
714 1400 842 1440 eausam
864 1382 979 1441 dixisse
1001 1377 1136 1458 tradit3),
1164 1382 1198 1439 Ρ.
1221 1380 1375 1439 Vatinium

201 1494 302 1549 autem
325 1492 458 1547 extremo
481 1506 585 1547 mense
608 1488 716 1547 Sextili
738 1489 805 1547 eius
829 1489 901 1546 anni
924 1507 945 1546 a
959 1488 1101 1547 Cicerone
1124 1488 1283 1547 defensum
1306 1505 1376 1545 esse

200 1616 239 1656 ex
266 1597 380 1655 Asconi
411 1596 626 1654 commentario
659 1594 697 1672 (p.
725 1595 774 1673 16)
806 1600 838 1654 et
867 1596 1019 1655 Ciceronis
1054 1595 1189 1670 epistula
1222 1612 1300 1670 quae
1328 1596 1377 1652 est

197 1706 252 1774 Qu.
275 1704 309 1761 ir.
325 1704 351 1761 ll
371 1703 419 1762 15.
443 1703 522 1761 satis
546 1702 749 1777 cognoscitur.
788 1704 866 1778 Ergo
888 1703 939 1761 Cn.
959 1703 1104 1761 Plancius
1121 1704 1255 1762 extremo
1271 1718 1375 1759 mense

196 1811 307 1870 Sextili
329 1814 384 1869 aut
406 1812 502 1886 primo
525 1810 694 1886 Septembri
718 1828 845 1869 oausam
869 1810 953 1869 dixit.
995 1811 1092 1881 Quam
1114 1809 1262 1867 Wunderi
1285 1825 1375 1883 argu·

196 1919 414 1977 mentationem
445 1918 569 1992 copiose
596 1918 636 1975 ab
667 1935 703 1975 eo
727 1917 910 1993 explicatam
918 1914 951 1994 ⁴),
984 1919 1133 1992 quantum
1155 1917 1246 1974 video
1269 1933 1375 1974 omnes

196 2024 260 2081 iere
283 2026 496 2099 probaverunt
541 2024 645 2101 Neque
667 2027 769 2083 tamen
792 2025 858 2083 iure
880 2026 1029 2100 probasse
1051 2024 1199 2082 videntur.

290 2131 427 2206 Namque
457 2133 494 2188 ut
523 2131 626 2189 iudicii
659 2134 781 2206 tempus
811 2132 1019 2201 inveniamus,
1054 2131 1139 2205 prius
1170 2130 1376 2206 quaerendum

199 2241 258 2306 est,
284 2238 406 2313 quando
422 2238 476 2296 illa
491 2238 623 2306 comitia,
649 2238 761 2314 quibus
777 2238 923 2296 Plancius
939 2238 1048 2296 aedilis
1062 2238 1166 2296 lactus
1189 2239 1245 2305 est,
1270 2236 1378 2295 habita

200 2344 271 2403 sint.
316 2344 400 2403 Haec
423 2346 502 2403 enim
525 2346 667 2420 quaestio
692 2363 759 2404 cum
784 2345 882 2403 altera
905 2346 1058 2403 artissime
1081 2345 1231 2403 cohaeret.

288 2453 389 2528 Atque
420 2452 577 2510 Plancium
609 2469 690 2510 anno
721 2452 780 2511 ΙΝ.
810 2452 997 2511 aedilitatem
1028 2452 1142 2527 petisse
1172 2451 1203 2508 in
1231 2450 1377 2509 Wunderi

203 2560 464 2635 argumentatione
495 2560 733 2618 demonstranda
762 2560 824 2618 iam
855 2559 954 2617 attuli.
1001 2558 1114 2617 Ceteris
1145 2557 1376 2633 magistratibus

201 2667 339 2725 creandis
356 2667 489 2735 comitia,
503 2670 622 2741 praeter
637 2666 787 2734 aedilicia,
806 2666 856 2724 Cn.
868 2666 1033 2742 Pompeius
1048 2666 1086 2723 M.
1098 2665 1232 2723 Licinius
1245 2664 1376 2723 Crassus

204 2773 344 2832 consules
369 2777 503 2832 extremo
519 2791 599 2835 anno
615 2773 674 2831 ΙΝ.
699 2774 869 2831 confecisse
888 2768 1066 2855 videnturl),
1091 2790 1170 2848 quae
1193 2790 1242 2831 res
1266 2770 1316 2829 vel
1339 2789 1377 2829 ex

202 2897 239 2937 eo
263 2880 465 2954 cognoscitur,
491 2881 573 2955 quod
598 2880 699 2939 Cicero
723 2881 754 2938 in
776 2880 895 2948 litteris
922 2898 1001 2955 quas
1024 2880 1121 2954 primo
1145 2896 1225 2936 anno
1240 2877 1312 2937 LIV.
1336 2877 1376 2935 ad

200 2986 323 3044 fratrem
351 2987 434 3045 dedit
457 2985 544 3063 (1193
572 2987 625 3056 10;
652 2984 703 3064 11)
727 2987 801 3045 nihil
826 2988 862 3045 de
886 2987 1057 3061 interregno
1080 2986 1214 3061 scripsit,
1246 2984 1300 3043 sed
1323 2985 1377 3043 vix
1438 3036 1442 3045 .

201 3093 296 3151 ullum
319 3094 622 3168 rerumpublicarum
647 3096 858 3167 argumentum
881 3094 920 3151 ad
943 3093 1062 3151 litteras
1086 3111 1162 3151 suas
1185 3092 1376 3151 conscriben-

200 3200 258 3259 das
293 3218 326 3259 se
360 3202 470 3259 habere
506 3204 636 3277 questus
671 3202 720 3259 est
752 3200 878 3277 (119‚1;
906 3200 1001 3270 10,1;
1029 3198 1128 3277 lae),
1167 3202 1198 3258 et
1232 3199 1375 3258 consules

199 3308 373 3382 tribunique
404 3308 501 3383 plebis
532 3326 634 3365 mense
658 3307 822 3366 Februario
853 3322 976 3366 munere
1003 3307 1208 3381 iungebantur
1231 3305 1375 3383 (1110.1.;

204 3414 284 3483 11,2
309 3416 339 3472 et
363 3412 403 3492 3).
449 3416 557 3490 ltaque
581 3432 686 3473 omnes
709 3414 771 3472 iere
796 3414 997 3489 magistratus
1020 3431 1077 3472 suo
1093 3415 1228 3488 tempore
1252 3430 1377 3471 munera

145 3554 147 3560 ·
198 3538 260 3578 sua
283 3522 457 3597 suscepisse
481 3522 629 3579 videntur.

288 3629 332 3686 Ac
355 3629 392 3686 de
416 3629 547 3687 comitiis
572 3628 719 3687 aediliciis
747 3628 806 3686 hoc
831 3609 948 3686 'scimus
980 3646 1018 3686 ex
1042 3628 1195 3685 Ciceronis
1227 3626 1373 3694 oratione,

199 3767 414 3785 -.—···-·····

290 3837 309 3905 ¹)
329 3836 477 3905 Lange,
497 3836 553 3891 vol.
572 3836 619 3891 ΙΙΙ.
639 3852 666 3905 ρ.
679 3835 744 3900 349;
764 3838 797 3891 A.
815 3836 861 3891 W.
880 3836 1035 3906 Zumpt,
1053 3836 1109 3890 Der
1134 3833 1374 3905 Kriminalproaet

197 3923 226 3978 d.
245 3942 265 3979 r.
285 3925 326 3989 R,
345 3925 461 3996 Leipzig
480 3924 556 3992 1871,
575 3942 601 3996 p.
613 3920 675 3979 548.

199 4084 200 4089 ἵ
288 4014 307 4081 ¹)
327 4003 567 4085 Rauschen'p.
580 4004 695 4069 56-57.

280 4104 310 4171 ¹⁸)
330 4102 444 4158 Orelli
461 4100 487 4156 V
504 4120 531 4174 p.
544 4103 605 4158 262.

288 4191 308 4261 ⁴)
328 4192 425 4246 Oratio
450 4208 500 4263 pro
520 4192 569 4247 Cn.
587 4192 713 4260 Plancio,
731 4192 848 4263 Leipzig
868 4190 952 4257 1830,
974 4192 1080 4263 proleg.
1099 4207 1126 4261 p.
1145 4188 1374 4245 vaffl-Lxx

289 4280 310 4351 ⁶)
330 4280 427 4350 Lange
445 4281 483 4335 111
501 4298 529 4352 p.
541 4280 602 4337 342.
961 4310 964 4315 ·
1233 4315 1235 4318 ·
