3275 4959
736 362 959 421 ,18-

261 542 393 617 scripsit,
419 542 541 600 omnino
565 559 812 617 supervacaneas
844 559 922 602 esse.
968 541 1105 599 Vidimus
1123 560 1217 616 supra
1232 542 1325 600 etiam
1341 542 1441 617 scrip·

261 651 361 707 turam
384 647 536 722 Septembr.
560 667 662 707 veram
686 666 763 707 esse.
811 649 910 719 Quare
934 650 1073 717 nonest,
1100 666 1153 706 eur
1175 650 1213 706 de
1238 648 1335 706 altera
1351 648 1441 707 dubi·

262 758 370 825 temne,
389 756 449 813 nisi
464 756 542 813 torte
566 757 713 832 probatur
735 756 802 813 fieri
818 773 879 813 non
903 755 1052 830 potuisse,
1078 757 1114 813 ut
1127 754 1279 813 tabellarii
1294 754 1441 814 vicesimo

263 861 311 920 die
346 862 531 921 advenirent.
588 862 683 938 Atqui
718 862 796 921 hanc
831 862 1016 920 celeritatem
1050 862 1109 919 etsi
1143 880 1299 936 magnam,
1335 864 1440 919 tamen

262 970 345 1027 iusto
381 970 503 1027 nimiam
541 988 602 1028 non
636 970 732 1028 fuisse
768 970 848 1027 inira
881 970 1009 1038 doeeb03
1045 968 1176 1037 accedit,
1218 968 1299 1044 quod
1334 968 1439 1026 Cicero

263 1095 388 1135 numero
424 1077 551 1135 ordinali
585 1095 663 1135 usus
699 1077 839 1135 eximiam
878 1094 982 1135 eorum
1021 1076 1206 1134 celeritatem
1246 1075 1442 1150 significasse

262 1184 390 1244 videtur.
437 1184 549 1242 Ceteris
574 1184 652 1241 enirn
675 1184 761 1251 lociS,
787 1186 822 1241 ut
848 1183 1077 1241 tabellariorum
1109 1183 1225 1241 itineris
1256 1182 1442 1241 celeritatem

262 1291 349 1349 fratri
373 1291 567 1366 patefaceret,
593 1309 654 1366 quo
678 1291 725 1348 die
749 1289 900 1365 epistulae
923 1290 1014 1347 datae
1042 1307 1164 1366 quoque
1195 1290 1331 1348 redditae
1355 1291 1439 1358 sunt,

264 1398 394 1473 scripsit,
420 1400 456 1456 ut
478 1399 531 1469 Qu.
554 1398 589 1456 fr.
613 1397 764 1467 1111,13;
793 1396 882 1465 1,25.
928 1398 1015 1471 Ergo,
1044 1399 1080 1455 ut
1113 1400 1176 1454 tam
1209 1397 1345 1455 celeriter
1368 1414 1441 1472 pro-

263 1505 479 1573 ficiscerentur,
494 1505 639 1579 singulari
652 1504 785 1580 quadam
798 1522 894 1562 eausa
905 1504 1056 1562 tabellarii
1068 1504 1209 1563 videntur
1220 1503 1344 1578 impulsi
1361 1521 1442 1561 esse.

354 1612 438 1682 Quae
472 1613 548 1669 mira
587 1612 688 1670 omnia
725 1611 815 1669 facile
852 1611 1049 1686 explicantur,
1090 1611 1118 1668 si
1155 1610 1226 1668 illos
1261 1609 1442 1667 tabellarios

265 1719 435 1777 celerrimos
459 1721 582 1794 propter
603 1719 716 1777 duliam
747 1720 898 1777 mortuam
921 1736 941 1775 a
964 1718 1092 1775 Caesare
1124 1718 1237 1775 missos
1269 1734 1338 1775 esse
1369 1734 1442 1773 cen·

265 1844 380 1895 semus;
405 1826 524 1884 litteras
549 1827 627 1884 euim
650 1826 850 1901 gravissimas
874 1825 1013 1882 ferebant
1034 1825 1072 1881 de
1095 1824 1196 1881 lullae
1220 1824 1320 1891 rebus,
1348 1841 1441 1898 quam

264 1932 360 1991 filiam
383 1934 547 2008 imperator
570 1950 687 2008 semper
719 1951 838 1991 summo
870 1950 972 1989 amore
1003 1933 1186 2007 prosecutus
1217 1938 1295 2000 erat;
1325 1930 1442 2005 itaque,

265 2058 333 2097 curn
357 2040 486 2115 primum
509 2040 575 2098 eius
598 2042 725 2098 mortem
749 2040 954 2114 cognovisset,
979 2039 1085 2096 statim
1108 2039 1254 2095 mandata
1278 2038 1314 2095 de
1336 2036 1443 2094 ninere

265 2148 396 2223 aliisque
420 2149 510 2205 rebus
534 2148 661 2205 Romam
684 2180 729 2189 —
751 2146 794 2204 ibi
818 2146 897 2204 euim
918 2144 1039 2203 videtur
1053 2145 1120 2202 iilia
1135 2147 1261 2203 mortem
1277 2144 1380 2201 obisse
1396 2176 1442 2184 —

266 2272 334 2312 eum
374 2254 494 2312 misisse
533 2253 621 2311 iacile
660 2252 872 2327 intellegimus.
922 2254 1023 2327 Atque
1061 2254 1096 2309 ut
1133 2251 1205 2309 illae
1239 2250 1443 2325 gravissimae

265 2361 384 2419 litterae
409 2379 500 2436 quam
524 2360 652 2436 primum
675 2360 885 2434 perferrentur,
919 2360 1040 2417 duobus
1070 2358 1121 2416 vel
1150 2358 1250 2416 tribus
1272 2357 1443 2415 tabellariis

266 2468 427 2526 celerrimis
452 2485 528 2525 usus
553 2470 608 2525 est.
656 2466 688 2523 Si
712 2466 790 2523 enim
807 2484 888 2524 unus
905 2465 954 2524 vel
969 2465 1055 2534 alter,
1082 2466 1244 2541 quominus
1264 2465 1322 2522 iter
1337 2482 1444 2539 perse-

267 2577 418 2650 queretur,
443 2575 473 2631 in
497 2575 602 2631 itinere
625 2558 693 2650 ipso
716 2574 843 2631 fortuna
865 2573 1066 2647 impediretur,
1091 2572 1207 2647 reliquo
1230 2571 1349 2629 litterae
1373 2588 1443 2645 per-

266 2683 407 2740 ferendae
432 2684 525 2739 erant.
570 2681 674 2756 Neque
698 2698 752 2739 eos
775 2680 807 2737 in
832 2679 1043 2738 mansionibus
1066 2679 1115 2736 vel
1144 2679 1365 2737 mutationibus
1389 2678 1445 2735 diu

267 2792 412 2858 moratos,
439 2789 493 2847 sed
517 2806 609 2863 quam
632 2788 772 2845 maximis
797 2786 857 2845 diei
879 2786 1039 2844 itineribus
1063 2786 1216 2860 profectos
1240 2802 1309 2843 esse
1332 2802 1386 2859 per
1409 2802 1445 2841 se

267 2898 331 2955 veri
356 2896 453 2954 simile
476 2898 531 2953 est.
578 2894 645 2965 Qua
675 2913 707 2953 re
738 2895 855 2952 factum
878 2895 935 2961 est,
967 2895 1003 2949 ut
1033 2910 1094 2968 quo
1122 2892 1229 2949 itinere
1251 2891 1403 2948 tabellarii
1427 2907 1445 2947 e

267 3004 426 3062 Britannia
449 3004 576 3061 Romam
600 3002 831 3087 proficiscentes
855 3000 963 3075 viginti
985 3000 1047 3057 iere
1071 3002 1140 3058 octo
1169 2999 1233 3057 dies
1265 3014 1444 3056 consumere

268 3111 416 3177 solebant,
453 3111 483 3167 id
519 3110 663 3167 vicesimo
698 3109 747 3166 die
782 3108 974 3167 conficerent.
1019 3108 1046 3164 A
1081 3109 1172 3182 portu
1205 3105 1263 3163 Itio
1298 3106 1355 3162 iter
1385 3104 1447 3162 tuit

267 3235 366 3292 usque
390 3218 429 3274 ad
452 3218 580 3275 Romam
609 3217 689 3274 circa
711 3215 891 3274 Mcccxnv
921 3211 1075 3290 milium.¹)
1122 3213 1155 3270 Si
1184 3212 1245 3270 illis
1276 3211 1446 3270 tabellariis

269 3324 430 3382 celerrimis
454 3324 494 3381 ad
518 3310 575 3381 hoc
598 3324 655 3381 iter
677 3322 851 3381 faciendum
875 3320 1083 3395 duodeviginti
1111 3320 1218 3377 diebus
1243 3336 1321 3393 opus
1344 3318 1445 3375 fuisse

268 3431 499 3489 iudicamus-
531 3430 592 3489 duo
616 3430 694 3487 enim
726 3430 832 3487 itinere
855 3424 1031 3485 Britannico
1062 3429 1093 3485 et
1122 3426 1272 3483 maritimo
1304 3425 1447 3482 videntur

267 3539 441 3613 consumpti
475 3556 543 3595 esse
566 3570 619 3605 —‚
654 3537 763 3595 cotidie
794 3536 853 3594 iter
874 3533 978 3593 LXXV
1000 3534 1063 3593 fere
1093 3533 1208 3591 milium
1239 3532 1446 3590 coniecerunt.

266 3644 355 3713 Quod
380 3645 410 3702 0.
427 3646 458 3702 Id.
476 3645 619 3713 Schmidt,
654 3644 707 3719 qui
737 3643 826 3718 plura
857 3644 894 3700 de
924 3642 1150 3700 tabellariorum
1182 3639 1336 3699 celeritate
1365 3656 1447 3696 com-

192 3776 194 3781 ·
266 3752 376 3827 posuit
390 3770 417 3825 p.
435 3752 610 3811 201-205
628 3754 659 3808 et
676 3750 838 3819 378-79,
864 3749 1094 3808 tabellariorum
1109 3748 1227 3805 litteras
1243 3746 1446 3819 gravissimas

255 3859 429 3918 'terentium
453 3858 513 3916 diei
535 3859 593 3915 iter
615 3858 733 3915 XL-L
757 3858 872 3915 milium
895 3856 993 3914 fuisse
1017 3854 1180 3922 contendit,
1205 3854 1243 3910 ad
1268 3853 1351 3911 illam
1374 3869 1446 3910 sen·

266 3966 395 4024 tentiam
419 3966 600 4023 reiciendam
632 3966 801 4038 argumenti
833 3964 894 4022 viru
925 3981 987 4021 uon
1017 3963 1119 4029 habet,
1153 3978 1220 4018 cum
1251 3960 1363 4017 eximia
1393 3958 1448 4016 illa

270 4073 408 4132 celeritas
433 4074 524 4131 rebus
548 4072 624 4147 ipsis
649 4071 824 4130 necessaria
847 4073 938 4129 esset.
985 4069 1045 4126 Sed
1068 4071 1104 4126 ut
1125 4068 1286 4125 redeamus
1309 4066 1349 4123 ad
1371 4082 1445 4134 rem,

360 4300 379 4369 ι)
397 4300 458 4355 nm
477 4300 544 4355 nne
563 4316 589 4371 p.
605 4298 664 4355 me.
