3275 4959
720 389 763 396 ..
810 355 829 412 2
876 387 919 395 -

232 504 307 593 antii
314 502 413 591 lirino=
425 497 520 591 ‘'difi
545 522 592 575 '—‘
604 496 934 591 'diditiio‘statuimus
957 530 1034 589 Non.
1057 530 1127 588 Mai.
1144 563 1186 571 -
1203 528 1407 604 proiecturum

233 659 266 699 se
290 659 359 699 esse
383 642 568 716 speraverat.
614 640 658 696 Ac
681 656 718 697 ne
741 638 799 697 hoc
829 638 949 713 quidem
977 638 1025 695 die
1048 637 1169 694 Marcus
1192 637 1308 694 Romae
1331 638 1404 704 erat,

232 748 313 824 quia,
339 748 367 806 si
389 748 509 815 fuisset,
527 746 661 804 Atticum
684 745 870 803 valetudinis
894 762 992 802 causa
1013 743 1070 801 iter
1092 743 1234 801 reiecisse
1257 743 1323 817 ipse
1346 742 1406 800 sci-

230 855 332 913 visset
354 872 451 929 neque
474 853 647 911 Vestorium
670 851 701 910 id
726 852 856 910 scribere
880 869 957 925 opus
981 851 1100 919 fuisset,
1135 850 1189 907 sed
1221 852 1314 907 antea
1344 848 1407 907 dis-

230 962 374 1027 cesserat,
400 978 461 1035 quo
484 962 619 1034 tempore
642 960 764 1017 Atticus
789 977 822 1017 se
845 958 906 1016 illis
929 958 1026 1015 Nonis
1041 958 1139 1015 Roma
1162 956 1314 1014 abiturum
1338 974 1407 1014 esse

231 1068 361 1136 dixerat;
374 1067 530 1151 ¹scriptum
547 1067 626 1125 enim
647 1069 695 1124 est
710 1065 801 1123 modo
817 1065 998 1123 indicativo:
1028 1062 1149 1136 tardius,
1173 1080 1260 1139 qudm
1282 1061 1407 1121 dmercs.

151 1220 152 1224 ,
232 1175 431 1250 Quamquam,
456 1191 517 1249 quo
542 1174 589 1231 die
613 1173 734 1230 Atticus
755 1172 812 1229 iter
829 1172 1000 1229 faciendum
1016 1170 1161 1238 reiecerit,
1185 1170 1331 1227 incertum
1348 1171 1405 1238 est,
1446 1226 1457 1242 ,

230 1281 385 1340 tamenin
408 1282 536 1357 primum
561 1298 694 1337 mensem
717 1279 831 1337 Maium
855 1278 924 1335 duci
947 1276 1096 1346 videmur:
1126 1296 1241 1353 quare
1266 1276 1404 1345 efficitur,

230 1392 264 1447 ut
288 1389 408 1446 Marcus
433 1388 513 1445 circa
535 1386 691 1445 Kalendas
713 1386 775 1445 fere
798 1386 898 1443 Maias
922 1386 1097 1443 discesserit
1118 1385 1224 1443 Roma.

319 1512 443 1582 Deinde,
469 1531 530 1587 quo
554 1514 689 1585 tempore
712 1511 806 1569 frater
838 1511 903 1568 eius
935 1509 1174 1584 proiectus-sit,
1207 1509 1283 1567 haec
1312 1510 1408 1568 verba

230 1620 341 1679 indicio
366 1623 450 1678 sunt:
485 1619 570 1677 Duas
592 1618 683 1677 adduc
705 1637 724 1676 c
746 1622 772 1676 te
793 1616 891 1691 occepi
912 1616 1059 1690 wales,
1090 1633 1213 1695 querum
1234 1615 1354 1674 Meam
1377 1616 1407 1675 ia

230 1726 292 1801 ipso
315 1726 436 1785 discessu
457 1729 563 1798 eostre,
586 1725 706 1784 alterare
728 1722 863 1783 Arimino
885 1724 983 1783 datare
998 1767 1005 1781 .
1022 1767 1029 1781 .
1046 1767 1077 1782 ..
1101 1722 1166 1800 (Qu.
1190 1724 1224 1781 fr.
1245 1723 1340 1791 1112,
1369 1721 1406 1799 ll.

230 1834 423 1907 Verbumque
452 1836 549 1891 rostro
581 1833 617 1890 de
640 1832 734 1890 Marci
764 1832 862 1890 solius
894 1831 1035 1889 discessu
1066 1831 1180 1888 dictum
1211 1848 1280 1888 esse
1310 1832 1404 1905 patet,

228 1940 304 2016 quia
327 1940 494 1998 absurdum
518 1942 567 1997 est
581 1942 690 2015 putare
707 1940 736 1997 et
751 1938 886 1996 Marcum
904 1938 1107 2013 Quintumque
1124 1938 1229 1995 ecdem
1246 1937 1293 1994 die
1308 1938 1408 1995 Roma
1469 1947 1470 1951 ’

228 2046 412 2105 discessisse
435 2048 466 2105 et
488 2046 622 2104 Marcum
646 2064 682 2103 eo
706 2047 773 2120 ipsc
799 2046 847 2103 die
870 2046 988 2103 litteras
1009 2064 1029 2101 a
1043 2044 1134 2102 fratre
1157 2044 1217 2102 iam
1242 2044 1406 2118 accepisse.

228 2151 322 2211 Immo
347 2154 486 2223 Quintus,
512 2170 579 2211 cum
595 2153 716 2210 Marcus
740 2152 815 2235 abiit
838 2153 943 2216 Roma,
969 2152 1158 2227 aliquantum
1173 2151 1319 2226 temporis
1335 2168 1406 2226 pro·

229 2260 329 2318 iectus
354 2262 427 2319 erat.
466 2261 560 2334 Atqui
583 2260 704 2317 Marcus
728 2260 809 2318 circa
824 2258 978 2317 Kalendas
994 2258 1093 2317 Maias
1109 2259 1195 2327 abiit3
1221 2275 1291 2332 ergo
1305 2258 1407 2329 Quinti

229 2367 378 2442 profectio
403 2352 474 2425 ante
497 2367 555 2425 hcc
577 2369 699 2441 tempus
722 2366 782 2425 luit
804 2368 823 2425 i.
840 2386 865 2424 e.
890 2368 1023 2425 extremo
1047 2366 1157 2423 saltem
1180 2382 1282 2422 mense
1301 2364 1405 2439 Aprili.

229 2472 422 2549 Quapropter
438 2470 611 2551 Koerneri1)
630 2474 822 2543 sententiam,
848 2475 991 2549 quaeest
1011 2473 1047 2529 de
1064 2472 1175 2542 Quinto
1192 2472 1286 2546 primo
1304 2489 1406 2529 mense

229 2580 311 2638 Maio
336 2580 481 2656 proiecto,
507 2584 543 2638 ut
566 2582 698 2655 probem,
725 2600 744 2639 a
768 2599 814 2639 me
831 2581 993 2656 impetrare
1009 2596 1070 2637 non
1086 2596 1222 2653 possum.
1245 2579 1406 2653 Minusque

229 2689 335 2762 probo,
361 2688 412 2763 qui
436 2688 472 2745 de
496 2688 565 2763 ipso
589 2705 691 2746 mense
714 2688 824 2745 Martio
850 2688 1070 2761 cogitaverunt,
1095 2689 1130 2743 ut
1153 2682 1259 2761 Frey2)
1285 2686 1405 2761 aliique.

320 2812 438 2870 Certam
469 2812 561 2870 huius
593 2813 635 2871 rei
667 2812 879 2870 diiudicandae
914 2829 1021 2868 ansam
1052 2829 1089 2868 ne
1122 2811 1255 2885 epistula
1286 2810 1406 2885 quidem

229 2937 308 2995 quae
333 2922 380 2977 est
395 2920 449 2990 Qu.
465 2919 499 2977 ir.
514 2920 540 2976 ll
556 2919 604 2977 12.
628 2918 787 2987 habemus,
812 2919 894 2994 quia,
921 2918 1044 2993 quando
1069 2918 1142 2975 data
1166 2919 1208 2976 sit
1231 2936 1247 2976 e
1271 2918 1405 2975 Cumano

230 3026 279 3083 vel
303 3026 499 3100 Pompeiano,
525 3026 653 3100 reperire
677 3043 738 3083 non
760 3042 936 3100 possumus.
983 3024 1042 3081 Sed
1065 3024 1148 3082 haud
1180 3025 1245 3082 scio
1277 3042 1318 3082 an
1348 3024 1406 3081 hac

228 3132 347 3190 ratione
370 3132 478 3191 melius
503 3134 541 3189 ad
566 3150 634 3190 cum
657 3134 749 3190 finem
773 3132 996 3207 perveniamus
1043 3132 1194 3205 Scriptum
1219 3132 1296 3189 enim
1320 3130 1405 3188 vide-

229 3256 298 3296 mus
321 3239 460 3313 proxima
482 3239 616 3314 epistula
644 3240 687 3301 ,ad
711 3240 854 3310 Quintum
879 3237 982 3315 (1113)
1007 3239 1096 3297 data:
1142 3236 1178 3295 A.
1201 3237 1228 3296 d.
1251 3236 1305 3296 IV.
1329 3236 1406 3297 Nee.

228 3344 309 3418 Jec,
332 3363 386 3419 quo
409 3344 454 3403 die
476 3344 601 3404 Rorcerc
623 3345 695 3419 ceci,
710 3344 807 3419 occepi
827 3348 890 3403 taes
906 3344 1015 3404 litteras
1030 3344 1112 3403 dates
1127 3342 1283 3413 Placentia,
1308 3343 1407 3402 dende

228 3450 333 3510 citeras
349 3452 500 3525 postridie,
524 3452 606 3511 dctcs
622 3450 663 3531 l·
680 3452 883 3511 Blandenonne
911 3469 973 3510 cirre
1001 3449 1134 3510 (laeseris
1161 3450 1266 3509 litteris
1291 3449 1407 3523 refertis

229 3558 307 3616 orici
336 3558 447 3631 officie,
481 3558 636 3634 didiceretis,
666 3560 806 3618 saevitate
841 3559 876 3636 (c.
897 3558 934 3635 1).
1002 3559 1123 3616 Marcus
1154 3558 1247 3632 igitur
1278 3558 1405 3616 alteram

230 3666 394 3740 epistulam
418 3685 445 3724 a.
463 3667 490 3724 d.
507 3667 554 3725 Ill.
578 3667 655 3726 Non.
678 3666 746 3724 Jun.
771 3666 897 3741 accepit;
933 3683 1029 3740 neque
1054 3665 1131 3723 enim
1156 3665 1289 3722 dubitari
1312 3682 1405 3740 posse

228 3774 314 3847 puto,
348 3773 421 3848 quin
452 3776 523 3847 post
553 3775 678 3831 verbum
703 3771 855 3846 postridie,
885 3776 921 3830 ut
951 3772 1066 3847 Tyrrell
1098 3774 1129 3829 et
1155 3768 1293 3848 Purser⁸)
1325 3774 1405 3829 recte

319 4018 339 4087 ¹)
356 4018 399 4073 De
418 4016 546 4087 epistrdis
565 4033 583 4071 a
603 4017 735 4072 Cicerone
753 4019 822 4087 post
839 4016 960 4071 reditum
978 4032 1066 4088 usque
1084 4016 1221 4070 adfinem
1235 4014 1303 4069 anni
1314 4030 1404 4070 a.u.c.

229 4107 283 4163 700
302 4108 374 4161 datis
393 4106 575 4179 quaestiones
594 4106 819 4176 chronologicae.
859 4105 928 4161 1885
952 4123 980 4177 p.
998 4104 1043 4161 40.

318 4198 339 4267 ⁸)
358 4196 561 4266 Ausgewihlte
580 4195 682 4262 Brieie,
700 4195 825 4267 Leipzig,
846 4193 939 4250 laser.
958 4212 985 4265 p.
1006 4194 1048 4249 10.
1205 4255 1208 4258 ,

319 4286 341 4357 ³)
360 4284 420 4340 'l'he
439 4286 679 4355 correspondence
698 4285 730 4339 oi
748 4286 784 4341 M.
798 4284 905 4339 'l'ullius
923 4284 1028 4349 Cicero,
1048 4283 1104 4338 vol.
1123 4283 1149 4338 ΙΙ
1169 4283 1246 4349 1886,
1266 4299 1292 4354 p.
1308 4281 1368 4338 123.
