3275 4959
700 384 899 441 „3-

207 562 353 623 iecerunt.
378 560 650 637 interpungendum
673 561 723 641 sit,
758 561 832 637 qnia
854 560 1066 629 difficultates,
1100 560 1138 617 de
1166 561 1278 636 quibus
1308 560 1388 618 infra

208 669 365 735 disseram,
391 668 481 727 valde
506 670 697 742 angerentur,
723 668 751 726 si
774 668 893 725 litteras
914 668 1027 725 alteras
1043 667 1199 743 postridie,
1225 684 1317 741 quam
1333 685 1387 724 su-

209 776 341 851 periores
369 775 527 833 Placentia
558 774 648 833 datae
673 776 753 843 sunt,
788 777 966 849 putaremus
1002 774 1127 843 missas;
1158 791 1238 849 quae
1267 773 1386 831 litterae

207 882 331 951 alterae,
358 900 374 940 e
397 882 465 940 loco
490 881 623 957 quodam
647 882 738 939 datae
763 884 843 948 sunt,
869 880 969 955 quiin
985 880 1141 939 codicibus
1158 897 1234 938 casu
1250 880 1386 938 ablativo

210 990 340 1063 scriptus
365 991 413 1047 est
435 987 637 1047 Blandenonne
660 991 761 1062 atque,
788 1006 857 1052 cum
881 987 1015 1061 epistula
1038 988 1184 1063 superior,
1210 1006 1290 1063 quae
1312 987 1387 1045 data

207 1099 257 1155 est
286 1096 457 1163 Placentia,
489 1095 603 1153 Romae
634 1094 728 1169 pridie
759 1094 940 1162 redderetur,
976 1093 1061 1151 illurn
1092 1094 1192 1152 locum
1223 1095 1386 1152 obscurum

207 1220 302 1278 prope
332 1202 519 1261 Placentiam
549 1202 642 1259 situm
673 1219 742 1259 esse
771 1202 830 1259 viri
861 1201 943 1259 docti
974 1198 1227 1278 concluserimt.¹)
1279 1201 1386 1275 Itaque

209 1310 261 1367 alii
285 1309 478 1368 coniecerunt
500 1308 663 1366 deliaude
686 1308 840 1383 Pompeia,
874 1326 965 1383 qnam
999 1308 1169 1383 opinionem
1201 1307 1254 1365 alii
1283 1325 1385 1383 repro-

207 1418 366 1477 bavernnt.
425 1416 581 1490 Scriptura
616 1432 691 1473 sane
727 1417 871 1490 corrupta
905 1414 1026 1473 videtur
1058 1432 1141 1483 esse;
1177 1432 1275 1489 neque
1307 1414 1385 1471 enim

207 1523 302 1582 ullum
327 1522 476 1581 eiusmodi
499 1538 608 1579 nomen
632 1522 795 1597 scriptores
824 1525 943 1580 veteres
971 1522 1174 1595 prodiderunt.
1220 1522 1325 1596 Neque
1348 1522 1385 1578 de

208 1630 360 1706 scriptura
384 1630 484 1688 solnm
508 1629 708 1687 dubitandum
732 1632 792 1697 est,
826 1629 1047 1687 verumetiam
1078 1645 1132 1686 cur
1155 1627 1268 1686 Caesar
1297 1628 1385 1702 iguo·

108 1779 111 1783 -
204 1737 327 1795 tissime
359 1737 428 1795 loco
464 1754 559 1812 prope
589 1736 775 1794 Placentiam
808 1736 868 1795 sito
903 1735 1048 1805 Quintum
1079 1735 1266 1805 convenerit;
1303 1752 1382 1809 qnae

207 1846 310 1903 tamen
334 1843 501 1901 difficultas
525 1843 628 1900 neseio
653 1861 692 1900 au
716 1843 879 1910 minuatur,
913 1842 941 1900 si
963 1842 1083 1899 litteras
1105 1841 1264 1900 Placentia
1294 1842 1384 1899 datas

207 1968 276 2009 sero
301 1951 413 2008 allatas
438 1967 507 2008 esse
531 1966 700 2018 censemus,
717 1950 763 2007 ita
786 1952 819 2008 ut
844 1949 1003 2024 aliquanto
1024 1950 1096 2006 ante
1111 1949 1265 2022 proximas
1289 1948 1385 2024 scrip·

209 2060 261 2115 tas
286 2076 339 2116 eas
363 2075 432 2115 esse
456 2070 644 2123 censeamus,
669 2056 830 2131 locumque
853 2056 939 2113 illum
962 2057 1098 2130 ignotum
1122 2056 1257 2130 longiore
1281 2055 1383 2130 spatio
1433 2099 1435 2102 .

209 2182 232 2222 a
253 2164 409 2222 Placentia
432 2164 550 2223 abesse.

299 2272 370 2328 Tres
394 2274 495 2328 tamen
519 2273 637 2328 restant
666 2260 837 2343 praeterea¹
854 2270 1063 2328 dubitationes
1094 2287 1131 2327 ao
1163 2270 1268 2344 prima,
1301 2271 1382 2344 quod

206 2378 328 2436 Marcus
352 2378 453 2448 Quinti
477 2377 640 2452 epistulam
663 2377 820 2435 Placentia
847 2377 951 2435 datam
980 2394 1088 2451 reapse
1119 2378 1226 2434 nostra
1256 2394 1383 2451 exspec-

204 2486 322 2542 tatione
347 2485 453 2551 serius,
485 2503 511 2542 a.
528 2484 556 2541 d.
572 2484 621 2542 IV.
644 2484 721 2543 Non.
745 2484 825 2551 lun,
850 2484 976 2559 aceepit
1000 2484 1041 2542 lis
1065 2484 1156 2552 enim,
1186 2502 1266 2558 quae
1290 2501 1385 2559 snpra

207 2591 474 2659 demontravimus
508 2594 649 2650 constare
681 2592 803 2649 videtur
826 2592 969 2662 Quintum
996 2591 1077 2649 cirea
1107 2590 1261 2649 Kalendas
1285 2590 1383 2649 Maias

205 2700 261 2755 aut
284 2700 413 2755 exeunte
438 2715 540 2755 mense
555 2698 651 2774 Aprili
667 2699 765 2756 Roma
782 2698 972 2756 discessisse.
1012 2698 1095 2755 Unde
1112 2698 1243 2772 amplius
1259 2698 1385 2772 triginta

208 2805 316 2863 diebus
348 2822 426 2879 opus
458 2806 577 2875 luisset,
608 2808 642 2862 ut
666 2805 796 2875 Quintus
820 2805 918 2863 Roma
944 2805 1129 2862 Placentiam
1157 2806 1327 2886 perveniret
1353 2808 1384 2863 et

203 2911 275 2969 inde
298 2911 417 2970 litterae
440 2912 567 2970 Romam
591 2913 800 2988 perferrentur.
840 2911 1000 2987 Pacileqne
1017 2914 1192 2987 computare
1208 2912 1383 2983 licetQuin·

203 3020 278 3085 tum,
312 3018 340 3075 si
368 3018 434 3077 Kal.
458 3017 528 3077 Mai.
559 3019 657 3077 Roma
688 2994 843 3094 proiectus
875 3019 925 3087 sit,
958 3020 1030 3094 post
1061 3018 1271 3077 duodecimum
1303 3022 1383 3076 certe

205 3125 283 3183 diem
306 3125 494 3183 Placentiam
517 3127 618 3183 venire
642 3127 794 3201 potuisse;
828 3144 922 3201 quare
952 3126 1071 3183 litterae
1102 3125 1168 3183 eius
1192 3125 1287 3183 multo
1311 3129 1397 3207 ante,

204 3249 274 3289 eum
298 3232 385 3301 diem,
419 3232 472 3307 qui
494 3232 553 3289 luit
576 3251 603 3290 a.
628 3233 655 3289 d.
678 3233 727 3291 IV.
751 3233 828 3291 Nou.
851 3232 931 3301 lun,
956 3232 1071 3290 Romae
1093 3232 1264 3290 reddendae
1288 3235 1381 3290 erant.

205 3338 300 3395 Cuius
331 3338 524 3397 difficultatis
558 3339 711 3397 tollendae
747 3358 845 3397 causa
875 3339 1009 3397 Koeruer
1043 3338 1111 3396 loco
1143 3339 1275 3414 quodam
1305 3337 1384 3397 inter

205 3443 391 3503 Placentiam
415 3448 445 3503 et
467 3446 635 3503 Ariminum
651 3446 754 3520 posito
771 3447 914 3517 Quintum
931 3446 1122 3521 aliquantum
1138 3446 1282 3519 temporis
1300 3463 1382 3503 com-

204 3554 357 3609 moratum
380 3569 449 3610 esse
473 3552 595 3611 statuit:
629 3550 758 3627 Quintae,
782 3556 814 3610 nt
836 3552 972 3625 diximus,
995 3552 1106 3611 ineiente
1127 3566 1218 3610 mane
1239 3551 1322 3610 Maio
1345 3551 1383 3609 ad

204 3654 354 3716 Caesarem
383 3675 412 3717 ee
442 3658 611 3733 contulerat,
644 3658 794 3733 epistulam
817 3657 951 3718 Arimino
977 3659 1068 3733 panto
1097 3662 1163 3717 ante
1184 3656 1255 3717 idne
1283 3658 1383 3717 Manna

202 3762 334 3839 dederat·
366 3783 436 3839 qaas
471 3765 582 3825 Tattius
612 3766 760 3825 Placentia
790 3766 873 3825 datas
901 3785 929 3825 a.
952 3766 979 3825 d.
1002 3765 1057 3825 IV.
1080 3764 1157 3823 Non.
1172 3763 1245 3859 ⁴Ina
1275 3765 1384 3839 accepit

203 3868 322 3945 litteras,
345 3872 406 3945 fere
427 3858 454 3930 α’.
471 3872 497 3931 d.
519 3871 585 3933 VH.
607 3872 676 3931 Kal.
692 3871 756 3931 Ian.
780 3875 862 3931 nant
883 3873 1023 3947 scriptae·
1044 3875 1218 3947 nannenten
1239 3871 1298 3930 sive
1312 3870 1381 3928 Ari·

201 3976 277 4037 mini
298 3978 357 4037 sive
371 3978 535 4039 Placentiae
556 3979 615 4039 aive
637 3979 696 4039 icco
712 3980 835 4054 qaedam
856 3978 1002 4039 interiecto
1025 3980 1108 4038 illam
1123 3978 1233 4054 lonpinc
1247 3977 1382 4051 temporis

121 4104 123 4107 ·
201 4084 328 4157 natium
352 4089 555 4146 commoratam
577 4104 632 4146 esse
653 4090 781 4161 apparet.
806 4084 927 4161 mando
949 4090 1043 4145 antem
1065 4089 1091 4145 et
1113 4086 1162 4145 nbi
1179 4085 1218 4144 ael
1234 4083 1381 4143 Caesarne

294 4314 314 4383 ¹)
332 4315 367 4368 ut
384 4311 478 4383 'Pyrell
497 4315 527 4368 et
544 4310 645 4367 Purser
662 4313 680 4368 l.
694 4329 715 4366 s.
734 4312 832 4367 adnot.
