3275 4959
576 368 902 462 q-—37—

199 546 231 603 in
264 546 360 620 prima
388 544 521 620 epistula
545 546 573 603 3.
597 546 673 603 haee
697 547 829 605 breviter
852 547 967 621 scripta
988 546 1140 604 videmus:
1170 546 1267 606 Volent
1283 547 1379 621 pueri,

199 652 322 710 studiose
344 650 462 727 discunt,
485 651 632 727 ditipcnter
653 653 787 711 docentur
809 656 835 711 et
856 671 907 711 nos
929 657 955 711 et
977 653 1222 711 intercederent
1245 653 1279 730 (c.
1299 654 1326 731 1)
1348 658 1379 711 et

199 759 231 816 in
263 762 399 817 extrema
429 760 525 817 multo
558 760 713 834 copiosius
744 759 838 818 haec:
873 759 970 817 Habes
1000 761 1060 833 fere
1090 760 1123 818 dc
1149 760 1277 819 omnibns
1299 761 1379 818 rcbns

205 864 297 923 Unnrn
319 864 391 923 illnd
413 864 532 935 nddorn;
557 863 655 923 Cicero
679 870 742 925 tnns
764 869 909 941 nosterque
931 883 1036 924 snnrrnc
1051 867 1192 925 studiosos
1206 870 1248 925 ost
1260 866 1381 925 Paeonii
1454 881 1456 885 ⁴

200 972 245 1031 sni
265 971 403 1045 rhetoris,
426 971 564 1044 borninis,
588 972 706 1045 opinor,
733 972 815 1030 coldo
837 972 987 1031 crncitoti
1007 977 1035 1031 et
1057 973 1129 1032 boni.
1175 972 1230 1031 Sed
1251 978 1379 1031 nostrnrn

200 1078 366 1138 institncndi
394 1096 479 1153 penos
508 1095 564 1137 csso
588 1078 678 1152 ponto
709 1062 848 1137 conditius
877 1083 904 1137 ct
932 1076 1142 1158 Cmmcircpor
1171 1098 1227 1139 non
1254 1080 1378 1155 ipnoros.

202 1185 264 1261 Qno
293 1204 324 1243 re
353 1203 438 1259 neqnc
451 1211 454 1217 ·
467 1202 515 1261 epo
543 1185 678 1258 inpediri
701 1184 845 1244 Ciceronis
874 1186 930 1244 iter
952 1190 978 1243 et
1000 1186 1081 1244 itione
1103 1186 1285 1259 disciplinam
1309 1187 1379 1259 ooio,

200 1298 227 1351 ct
256 1294 316 1367 ipsc
340 1311 415 1366 pner
441 1292 532 1367 recipis
554 1292 604 1351 ilio
627 1293 827 1351 decbrrnotorio
850 1311 946 1367 ponere
968 1292 1035 1351 doci
1056 1297 1082 1352 ct
1104 1293 1238 1352 dcbctmi
1258 1293 1379 1366 rnddnr,

201 1400 231 1459 in
246 1418 299 1474 qno
315 1398 447 1474 qnoniono
462 1398 520 1472 r'psi
533 1416 637 1475 qnoque
650 1400 768 1472 fnirnns,
786 1400 939 1473 potionnr
957 1400 1039 1458 itinn
1054 1400 1098 1459 ire
1111 1400 1218 1459 nostris
1231 1400 1381 1460 itineribus

199 1506 304 1581 (eodeni
326 1506 400 1565 eninr
417 1508 619 1579 perocntnrnrn
642 1523 697 1564 esse
719 1505 906 1580 confidimns),
928 1507 976 1565 scd
997 1511 1097 1580 nnn,
1120 1508 1148 1567 si
1160 1507 1302 1566 nobiscnm
1317 1524 1380 1565 enni

200 1631 251 1673 ros
280 1613 374 1688 otiqno
405 1613 600 1685 ednnmmns,
630 1612 662 1671 in
692 1613 764 1671 benc
792 1617 920 1672 nostram
943 1613 1083 1673 rationem
1106 1613 1380 1688 consnetndincrnqnc

200 1720 370 1780 indnccnins.
415 1719 525 1795 Mopno
546 1719 620 1779 enirn
641 1720 721 1779 nobis
743 1738 762 1779 o
785 1724 810 1778 te
827 1720 981 1794 proposito
1002 1738 1105 1779 merces
1127 1724 1179 1794 est,
1202 1738 1286 1795 quoni
1309 1723 1380 1779 ccrtc

200 1830 299 1887 nostro
322 1826 405 1901 culpa
426 1844 576 1903 nnrnqnonr
590 1826 685 1885 rninns
699 1827 880 1902 odscqnconnr
901 1827 935 1904 (c.
952 1827 992 1905 4).
1031 1827 1114 1898 Quos
1131 1828 1183 1903 qui
1199 1828 1277 1885 duos
1292 1828 1378 1885 locos

201 1934 431 2010 comparaverit,
457 1934 628 1992 Ciceronem
643 1935 674 1991 in
697 1934 795 2009 priore
811 1938 906 2008 parte,
932 1953 1011 2010 quae
1027 1938 1137 2010 postea
1153 1935 1270 1992 addidit
1285 1932 1319 2009 (c.
1337 1932 1377 2009 4),

201 2041 443 2117 praetermisisse
466 2042 518 2099 vix
542 2041 703 2114 cogitabit;
727 2041 818 2098 immo
842 2042 970 2116 priorem
987 2041 1094 2109 locum,
1121 2060 1183 2117 qua
1198 2042 1380 2100 brevissima

200 2150 361 2207 verborum
384 2148 503 2205 ratione
527 2148 659 2222 scriptus
684 2151 747 2216 est,
773 2165 839 2205 oum
864 2166 938 2206 cura
961 2152 992 2205 et
1014 2166 1126 2223 angore
1149 2148 1242 2206 Marci
1266 2149 1379 2222 optimc

202 2272 365 2329 congruere
396 2254 523 2323 sentiet,
557 2254 685 2312 alterum
721 2258 840 2323 autem,
872 2256 1037 2329 pleniorem
1072 2259 1165 2330 atque
1200 2250 1376 2317 uberiorem.

202 2362 294 2419 animi
318 2362 384 2419 eins
407 2361 659 2437 tranquillitatem
683 2364 714 2419 et
735 2362 919 2419 hilaritatem
936 2362 1088 2436 quandam
1105 2362 1292 2436 significare3
1317 2378 1380 2435 qna

202 2486 233 2525 re
256 2486 276 2525 a
299 2468 453 2541 superiore
476 2467 544 2526 loco
569 2468 691 2525 omnino
715 2468 833 2525 alienus
849 2471 905 2526 est.
944 2469 1116 2526 Ciceronem
1132 2469 1210 2526 enim
1225 2469 1257 2525 in
1272 2468 1378 2525 eadem

203 2575 336 2650 epistula
365 2577 429 2632 tam
461 2575 620 2633 contrariis
645 2576 737 2632 animi
760 2576 922 2632 affectibus
946 2576 1058 2643 luisse,
1089 2593 1290 2650 quamquam,
1317 2592 1379 2649 qua

201 2681 293 2738 inerit
322 2682 354 2738 in
385 2682 454 2739 aliis
483 2683 573 2740 rebus
596 2682 820 2751 inconstantia,
854 2699 915 2739 non
937 2683 1130 2756 ignoramus,
1163 2682 1216 2738 vix
1239 2681 1379 2739 credibile

203 2792 251 2845 est
273 2806 371 2863 neque
394 2787 489 2845 ullum
513 2789 579 2846 eius
603 2788 646 2847 rei
670 2789 839 2863 exemplum
862 2792 892 2845 in
912 2789 1022 2847 litteris
1039 2788 1244 2846 Ciceronianis
1260 2790 1378 2846 inveni-

203 2914 280 2953 mus.
325 2895 409 2953 Duos
441 2896 533 2969 igitur
563 2895 632 2953 illos
663 2895 748 2953 locos
772 2896 868 2953 variis
892 2896 1013 2953 omnino
1036 2896 1224 2969 temporibus
1248 2896 1378 2970 scriptos

204 3020 270 3059 esse
295 3020 462 3061 censemus.

295 3109 440 3179 Quartum
464 3112 673 3183 argumentum
697 3110 754 3167 hoc
778 3112 834 3167 est.
873 3110 906 3167 Si
929 3110 1010 3184 prior
1032 3127 1104 3184 pars
1128 3126 1230 3167 mense
1247 3109 1376 3177 Octobri,

204 3233 265 3291 quo
289 3218 337 3273 est
353 3215 457 3285 altera,
484 3218 599 3291 scripta
615 3218 706 3285 esset,
733 3216 914 3285 Ciceronem,
941 3217 1085 3291 quoniam
1101 3217 1137 3273 de
1152 3216 1255 3273 fratris
1277 3216 1377 3273 salute

203 3323 293 3381 valde
317 3326 481 3397 angeretur
504 3323 682 3399 litterasque
715 3326 753 3381 ab
784 3341 819 3381 eo
852 3340 970 3380 summo
993 3302 1143 3380 desiderio
1176 3325 1376 3398 exspectaret,

204 3428 313 3487 litteris
337 3430 443 3486 deinde
468 3431 506 3487 ab
531 3447 567 3487 eo
592 3430 735 3505 acceptis,
762 3448 836 3487 eura
858 3432 977 3505 quanta
999 3430 1111 3487 fuisset
1134 3447 1171 3486 ac
1191 3431 1378 3504 quantopere

203 3538 268 3593 tum
291 3537 444 3610 gauderet,
471 3537 604 3611 epistula
627 3537 655 3595 4.
680 3537 905 3611 patefacturum
928 3537 1026 3593 luisse
1049 3539 1184 3610 putares
1230 3536 1323 3611 Atqui
1347 3536 1379 3593 in

204 3643 261 3700 hac
284 3642 417 3717 epistula
440 3643 556 3700 nullum
580 3644 646 3702 eius
670 3644 753 3701 modi
770 3644 895 3701 verbum
917 3644 1009 3712 inest;
1034 3660 1105 3717 ergo
1122 3643 1179 3700 hac
1200 3642 1333 3717 epistula
1348 3642 1378 3700 4.

204 3749 333 3823 priorem
356 3749 465 3807 tertiae
489 3753 604 3825 partem
630 3750 668 3807 ad
694 3749 776 3808 aliud
800 3753 922 3824 tempus
946 3750 1049 3807 referri
1072 3749 1277 3807 confirmatur.

293 3856 410 3913 Addam
443 3857 534 3914 etiam
558 3857 641 3925 haee,
675 3874 752 3931 quae
777 3874 962 3932 quamquam
996 3874 1057 3915 non
1088 3859 1162 3914 sunt
1183 3856 1375 3928 gravissima,

203 3964 305 4020 tamen
336 3962 468 4021 alicuius
499 3964 601 4021 nescio
633 3981 673 4021 an
704 3964 767 4021 sint
796 3963 948 4021 momenti.
994 3963 1083 4021 Initio
1115 3963 1193 4019 enirn
1227 3962 1378 4036 epistulae

206 4070 234 4127 3.
250 4070 380 4138 Marcus,
414 4073 599 4145 quantopere
630 4087 748 4127 reorum
780 4070 884 4127 causis
916 4073 1086 4144 occupatus
1117 4072 1208 4137 esset,
1242 4068 1377 4143 scripsit:

206 4175 427 4250 Occupotionnrn
459 4194 586 4235 recornrn
620 4176 673 4252 tibi
698 4175 809 4251 sipnnnr
842 4175 881 4234 sit
908 4175 1025 4234 librarii
1053 4193 1162 4235 manns.
1200 4174 1287 4233 Dion
1308 4174 1377 4233 scito

203 4283 312 4341 nntbnrn
342 4301 405 4357 esse,
435 4300 488 4359 qno
511 4282 556 4341 dic
577 4300 634 4342 non
657 4282 751 4341 dicero
773 4300 828 4355 pro
850 4300 907 4340 reo.
952 4281 1001 4340 Ito
1022 4282 1158 4357 qnidqnid
1188 4280 1306 4351 conficio
1328 4283 1379 4338 ant
