3275 4959
671 353 894 410 ..41-

124 515 126 520 ¹
194 532 316 608 quadum
354 531 473 605 epistula
506 530 573 606 quic
607 530 745 590 enucleate
777 531 816 589 ad
845 534 872 589 te
897 531 1106 605 pcrscrabcram
1135 532 1370 606 interpretanda.

196 640 313 709 Quibus
343 639 481 707 efficitur,
511 641 546 695 ut
577 638 682 696 eadem
705 638 759 695 illa
782 638 925 713 epistula,
960 656 1052 715 quam
1075 640 1146 696 ante
1169 638 1210 695 Ill
1226 638 1370 707 3‚1-2.

197 746 233 801 de
258 746 398 803 villarum
421 745 511 803 rebus
537 746 575 802 ad
598 745 722 803 fratrem
744 744 865 802 Marcus
889 745 981 812 misit,
1014 746 1050 803 de
1073 746 1142 803 viae
1166 748 1196 803 et
1219 763 1317 820 aquae
1340 746 1372 803 in

195 851 277 909 villis
302 852 457 909 ducendae
481 851 663 909 difficultate
687 851 853 925 scripserit.
892 852 927 909 ln
947 852 1067 909 Arcano
1091 852 1179 920 enim,
1204 855 1240 909 ut
1262 854 1373 927 postea

196 959 280 1026 vidit,
307 976 389 1034 aqua
412 958 508 1016 minor
531 959 658 1026 fluebat,
691 959 727 1014 ut
749 957 914 1015 Mescidius
943 961 973 1015 et
996 958 1181 1016 Philoxenus
1205 960 1372 1017 uberiorem

198 1084 229 1124 se
258 1065 416 1140 aliquanto
449 1064 630 1123 collecturos
661 1082 730 1123 esse
762 1065 987 1139 promitterent;
1018 1065 1048 1121 in
1079 1065 1268 1141 Laterioque,
1304 1084 1372 1123 cum

198 1173 249 1229 via
271 1174 302 1229 et
325 1190 408 1246 aqua
430 1172 598 1239 duceretur,
632 1174 664 1229 et
693 1171 753 1229 loci
783 1172 931 1247 iniquitas
955 1174 986 1229 et
1009 1172 1176 1230 vicinorum
1199 1172 1372 1230 inhumani-

196 1281 276 1336 tates
301 1278 493 1353 superandae
517 1281 610 1336 erant.
663 1278 746 1348 Quae
777 1278 989 1348 difficultates,
1022 1296 1091 1336 cum
1121 1280 1161 1335 ab
1191 1278 1278 1337 initio
1310 1296 1372 1337 non

198 1386 275 1443 satis
307 1384 449 1459 provisae
483 1387 602 1452 essent,
639 1384 717 1442 inter
752 1368 974 1442 aedificandum
1010 1387 1096 1443 ortae
1130 1384 1272 1442 videntur
1302 1402 1372 1443 esse

194 1509 292 1567 neque
316 1492 379 1549 veri
403 1491 550 1549 dissimile
575 1494 623 1549 est
639 1493 747 1566 putare
764 1491 800 1549 de
816 1491 865 1549 his
887 1509 1009 1567 quoque
1025 1492 1167 1560 Marcum,
1193 1492 1372 1566 priusquam

196 1616 275 1673 quae
299 1600 372 1656 sunt
387 1598 425 1655 lll
443 1598 471 1665 3,
487 1598 579 1655 1-2.
604 1598 755 1666 scriberet,
782 1616 801 1654 a
824 1572 1064 1673 redemptoribus
1086 1598 1241 1656 certiorem
1256 1598 1372 1656 factum

193 1724 271 1763 esse.
327 1704 412 1775 Quod
445 1722 513 1762 cum
544 1705 755 1780 comperisset,
788 1706 875 1763 fratri
906 1706 1065 1763 nuntiasse
1095 1705 1231 1774 videtur;
1262 1708 1373 1779 postea

194 1814 298 1869 autem
326 1812 357 1868 in
389 1810 470 1869 villis
502 1811 701 1870 difficultates
733 1812 843 1886 partim
876 1812 1016 1870 sublatas
1047 1811 1164 1869 invenit
1193 1812 1370 1887 iterumque,

102 1934 106 1941 ·
194 1918 348 1993 quomodo
372 1936 420 1975 res
444 1936 477 1975 se
493 1919 647 1988 haberent,
666 1918 799 1993 epistula
822 1919 861 1976 lll
880 1919 906 1980 l.
929 1919 1017 1977 fratri
1040 1919 1164 1977 rettulit.
1203 1919 1253 1977 Sic
1269 1919 1373 1977 omnia

197 2026 271 2081 bene
296 2026 377 2082 stare
402 2024 551 2083 videntur.

285 2131 440 2201 Quaenam
464 2131 556 2189 fuerit
578 2132 632 2188 illa
655 2132 789 2207 epistula
812 2133 849 2190 de
873 2134 965 2190 rebus
988 2132 1154 2190 rusticanis
1179 2133 1295 2207 scripta
1317 2150 1372 2207 pro

194 2238 361 2295 certo-dici
384 2256 445 2296 non
468 2239 579 2313 potest,
605 2239 678 2313 quia
706 2239 820 2296 nullam
853 2242 924 2296 ante
947 2239 988 2298 ΙΙΙ
1007 2238 1033 2296 1.
1063 2239 1220 2307 habemus,
1255 2240 1286 2296 in
1311 2257 1373 2313 qua

194 2344 232 2401 de
256 2344 294 2401 iis
319 2344 465 2419 scriptum
488 2347 544 2402 est.
567 2344 712 2420 Equidem
736 2345 899 2420 epistulam
920 2344 1013 2403 1114.
1036 2346 1134 2403 fuisse
1158 2346 1278 2420 opinor,
1304 2363 1372 2403 cum

194 2450 314 2525 integra
335 2468 396 2508 non
428 2451 470 2509 sit
492 2453 524 2508 et
546 2452 577 2508 in
610 2453 753 2519 extrema,
787 2470 866 2527 quae
899 2452 1016 2527 perisse
1046 2452 1174 2520 videtur,
1207 2455 1292 2527 parte
1323 2470 1371 2510 res

196 2558 334 2631 privatas
358 2558 487 2615 infuisse
510 2558 592 2615 haud
616 2558 682 2616 siue
705 2559 920 2632 probabilitate
944 2559 1140 2617 coniciamus.

257 2719 259 2723 .
285 2664 391 2721 Omnia
413 2682 493 2722 nuuc
516 2665 656 2723 videntur
680 2682 748 2723 esse
772 2667 891 2741 parata.
916 2668 952 2722 ut
983 2666 1156 2723 accuratius
1185 2668 1370 2733 statuamus

197 2788 260 2847 qua
282 2770 401 2828 ratione
424 2770 617 2829 intervallum
633 2771 655 2828 L
673 2771 803 2845 amplius
828 2772 952 2839 dierum,
978 2790 1038 2847 quo
1056 2772 1159 2841 Quinti
1182 2774 1213 2829 et
1233 2772 1372 2829 Caesaris

194 2876 314 2935 litterae
354 2878 546 2936 intermissae
580 2880 661 2947 sunt,
699 2896 736 2937 ex
769 2879 822 2936 illo
859 2880 1004 2953 temporis
1033 2879 1135 2953 spatio
1172 2881 1371 2954 computetur.

195 2985 294 3059 Atque
329 2985 499 3042 invenimus
535 2985 648 3059 primas
683 2984 800 3042 litteras
833 2986 1026 3043 Britannicas
1061 2986 1142 3043 circa
1176 3004 1203 3044 a.
1236 2985 1264 3043 d.
1295 2985 1371 3046 Xlll.

195 3089 262 3148 Kal.
284 3092 365 3165 Sept.
398 3092 533 3149 redditas
565 3090 612 3168 (cf.
636 3110 664 3166 p.
684 3092 738 3167 15)
773 3095 804 3149 et
836 3092 995 3150 Caesarem
1026 3110 1053 3149 a.
1082 3092 1110 3151 d.
1133 3092 1181 3149 XI.
1197 3092 1264 3153 Kal.
1288 3092 1370 3150 Sext

193 3198 224 3254 in
263 3198 451 3255 Britanniam
498 3198 630 3256 exercitu
669 3200 840 3274 profectum
883 3217 983 3270 esse.¹
1021 3199 1087 3257 Hoc
1124 3199 1217 3273 igitur
1252 3198 1372 3256 XXVlll

195 3303 310 3362 dierum
343 3306 444 3379 spatio
480 3306 605 3362 nuntius
637 3306 765 3363 Romam
798 3323 859 3363 non
893 3308 941 3363 est
968 3306 1115 3381 perlatus
1160 3306 1204 3363 Ac
1228 3306 1372 3381 quoniam

196 3410 370 3468 Ciceronem
392 3411 585 3469 intervallum
608 3410 631 3467 L
657 3412 788 3485 amplius
813 3413 927 3469 dierum
959 3430 996 3478 ex
1027 3430 1063 3469 eo
1095 3414 1229 3488 ternpore
1252 3412 1370 3480 ducere,

194 3534 256 3591 quo
288 3520 423 3576 extrema
465 3537 480 3575 e
520 3518 620 3576 Gallia
669 3520 766 3576 missa
818 3522 867 3576 est
920 3518 1069 3594 epistula,
1124 3537 1218 3593 supra
1262 3512 1302 3599 (p.
1320 3518 1373 3596 36)

193 3624 408 3692 conclusimus,
435 3627 473 3682 ab
498 3643 524 3682 a.
549 3625 576 3684 d.
597 3625 644 3685 XI.
666 3624 732 3683 Kal.
754 3625 836 3683 Sext
852 3626 961 3699 viginti
982 3626 1045 3683 fere
1069 3626 1203 3701 quinque
1231 3626 1296 3684 dies
1320 3627 1372 3684 de-

195 3731 324 3788 ducendi
347 3734 432 3801 suut;
463 3732 656 3807 pervenimus
681 3733 725 3789 sic
756 3732 788 3788 in
819 3735 985 3789 extremum
1017 3750 1150 3790 mensem
1173 3732 1301 3801 Iunium,
1335 3751 1373 3790 ex

193 3854 255 3912 quo
278 3841 412 3911 tempore
435 3838 603 3897 litterarum
633 3838 889 3897 intermissionem
912 3839 1009 3897 fuisse
1042 3839 1216 3897 conicimus.
1262 3839 1371 3897 Moneo
1397 3873 1400 3878 «

193 3947 296 4001 autem
315 3944 487 4002 Ciceronem
511 3963 590 4020 quae
613 3948 687 4003 sunt
708 3944 746 4002 llI
761 3945 897 4013 3‚1—2.
921 3962 983 4003 non
1014 3945 1083 4021 ipso
1107 3964 1134 4003 a.
1157 3946 1184 4004 d.
1205 3945 1280 4005 Xlll.
1304 3945 1373 4023 Kal.

194 4050 286 4125 Sept,
319 4052 373 4108 sed
406 4051 566 4126 aliquanto
590 4052 735 4126 temporis
767 4054 839 4109 aute
872 4052 1044 4125 scripsisse;
1077 4054 1227 4127 quantum
1250 4055 1371 4127 tempus

196 4155 402 4215 intercesserit
432 4160 574 4215 accurate
607 4158 665 4215 diei
696 4175 759 4215 non
790 4161 902 4232 potest,
935 4158 1014 4216 forte
1037 4160 1064 4216 V
1091 4158 1140 4217 vel
1172 4159 1274 4234 plures
1305 4159 1371 4217 dies

193 4262 318 4320 fuerunt
340 4281 447 4338 neque,
473 4265 636 4338 quominus
667 4265 766 4323 maius
792 4265 927 4340 spatium
955 4267 1137 4332 statuamus,
1170 4265 1371 4340 prohibemur.
