3275 4959
534 310 770 446 100⁸.·0.:-·-··
813 345 832 402 2
879 377 923 385 —

235 486 522 581 αηῖζ”118ῐ18·’81ἐίιὶ
547 485 937 581 2-''sitiildo‘'saruimus
960 521 1037 580 Non.
1060 521 1130 580 Mai.
1147 555 1189 563 -
1206 521 1410 597 profecturum

235 648 269 689 so
293 648 362 688 esse
386 631 571 705 speraverat.
617 630 661 686 Ao
684 646 721 686 ne
744 629 802 687 hoc
831 628 952 703 quidem
980 628 1028 685 die
1051 628 1172 686 Marcus
1195 629 1311 686 Romae
1334 630 1408 696 erat,

234 737 316 813 quia,
342 736 370 795 si
392 737 512 803 fuisset,
529 736 664 793 Atticum
687 735 873 793 valetudinis
897 753 995 793 causa
1016 734 1073 792 iter
1095 735 1237 793 reiecisse
1259 735 1325 809 ipse
1349 734 1409 792 sci-

233 844 334 902 visset
356 861 453 918 neque
477 842 650 901 Vestorium
673 842 704 899 id
728 842 858 901 seribere
883 860 960 917 opus
984 842 1103 910 fuisset,
1138 841 1191 899 sed
1223 844 1317 899 antea
1347 840 1410 899 dis·

231 952 376 1015 cesserat,
402 967 463 1024 quo
486 952 621 1023 tempore
644 950 766 1008 Atticus
791 967 825 1008 se
847 949 909 1007 illis
932 948 1029 1007 Nonis
1044 948 1142 1007 Roma
1164 948 1317 1006 abiturum
1341 966 1410 1006 esse

234 1056 363 1125 dixerat;
377 1056 533 1140 ,scriptum
550 1056 628 1114 enim
649 1059 698 1115 est
713 1057 802 1113 modo
819 1056 1000 1114 indicativo:
1031 1054 1152 1128 tordius,
1175 1073 1262 1131 queen
1284 1054 1410 1113 dixeras.

234 1164 433 1239 Quamquam,
458 1181 519 1238 quo
545 1164 591 1220 die
615 1163 737 1221 Atticus
758 1163 814 1220 iter
832 1162 1003 1220 faciendum
1019 1162 1164 1231 reiecerit,
1187 1162 1334 1220 incertum
1350 1164 1408 1230 est,
1449 1220 1459 1234 ,

232 1272 334 1328 tamen
357 1269 388 1327 in
410 1271 539 1346 primum
563 1287 696 1328 mensem
719 1269 832 1327 Maium
858 1269 926 1327 duci
950 1267 1098 1338 videmur}
1128 1287 1191 1344 qua
1212 1288 1244 1327 re
1268 1268 1406 1337 efficitur,

232 1380 267 1435 ut
290 1376 411 1435 Marcus
435 1377 515 1435 circa
537 1376 693 1435 Kalendas
715 1376 778 1435 fere
801 1376 901 1434 Maias
924 1376 1099 1434 discesserit
1121 1376 1226 1435 Roma.

322 1501 445 1571 Deinde,
471 1520 532 1576 quo
556 1504 691 1576 tempore
714 1501 808 1559 frater
840 1501 905 1559 eius
937 1501 1176 1576 profectus-sit,
1209 1502 1285 1560 haec
1315 1503 1410 1560 verba

232 1609 343 1667 indicio
367 1612 452 1667 sunt:
487 1608 572 1667 Duce
594 1608 685 1667 addae
707 1627 726 1667 e
748 1612 774 1667 te
796 1608 894 1681 accepi
914 1607 1061 1681 eprMeles,
1092 1625 1215 1686 querum
1236 1607 1356 1666 Meam
1379 1608 1410 1667 in

231 1715 294 1790 ipso
317 1714 438 1775 discessu
459 1718 565 1788 nostro,
587 1715 707 1774 alteram
730 1713 865 1773 Arimino
888 1714 985 1773 mmm
1000 1758 1007 1773 .
1024 1758 1031 1773 .
1048 1758 1079 1773 ..
1103 1713 1167 1792 (Qu.
1191 1714 1226 1773 fr.
1248 1715 1274 1772 ΙΙ
1294 1715 1342 1784 12,
1371 1714 1408 1792 l).

231 1823 424 1898 Verbumque
454 1825 550 1882 nostro
582 1822 618 1881 de
641 1822 735 1880 Marci
766 1822 865 1881 solius
896 1822 1037 1879 discessu
1068 1822 1182 1880 dictum
1213 1839 1282 1880 esse
1313 1825 1405 1898 patet,

230 1930 306 2005 quia
329 1930 495 1988 absurdum
520 1932 568 1988 est
583 1932 691 2005 putare
708 1930 738 1987 et
753 1928 888 1987 Marcum
905 1929 1109 2004 Quintumque
1126 1929 1231 1987 eodem
1248 1929 1295 1986 die
1311 1929 1409 1987 Roma
1470 1940 1473 1943 ’

229 2037 414 2094 discessisse
436 2038 467 2095 et
489 2036 624 2094 Marcum
647 2054 684 2094 eo
707 2037 775 2110 ipso
800 2037 848 2093 die
871 2036 989 2093 litteras
1011 2054 1030 2092 a
1045 2036 1136 2093 fratre
1159 2036 1220 2094 iam
1244 2036 1408 2111 accepisse.

229 2140 324 2201 Immo
349 2143 487 2213 Quintus,
513 2161 581 2200 cum
596 2142 717 2201 Marcus
741 2143 817 2201 abiit
839 2143 945 2206 Roma,
970 2142 1160 2218 aliquantum
1175 2142 1321 2219 temporis
1337 2161 1407 2218 pro-

230 2248 330 2307 fectus
355 2252 428 2308 erat.
467 2250 562 2325 Atqui
584 2250 705 2307 Marcus
730 2250 810 2308 circa
825 2249 980 2307 Kalendas
996 2249 1095 2308 Maias
1111 2250 1197 2319 abiit;
1223 2266 1293 2324 ergo
1306 2250 1409 2320 Quinti

231 2356 379 2431 profectio
404 2359 475 2414 ante
498 2358 557 2415 hoc
578 2359 700 2432 tempus
723 2357 783 2415 fuit
805 2357 824 2416 i.
842 2376 866 2415 e.
891 2359 1025 2415 extremo
1049 2357 1159 2415 saltem
1182 2374 1284 2414 mense
1303 2356 1407 2432 Aprili.

230 2462 423 2538 Quapropter
439 2461 613 2541 Koernerill
631 2465 823 2533 sententiam,
849 2466 992 2539 quaeest
1012 2464 1048 2522 de
1066 2463 1177 2533 Quinto
1194 2464 1289 2538 primo
1305 2480 1407 2522 mense

230 2570 312 2627 Maio
337 2570 482 2645 profecto,
508 2574 543 2627 ut
566 2572 699 2646 probem,
726 2590 746 2629 a
769 2590 815 2629 me
832 2572 994 2646 impetrare
1010 2588 1071 2629 non
1088 2588 1223 2645 possum
1247 2570 1408 2646 Minusque

230 2677 336 2752 probo,
363 2677 413 2753 qui
437 2678 474 2735 de
496 2678 566 2752 ipso
589 2696 692 2737 mense
715 2678 825 2737 Martio
850 2679 1071 2752 cogitaverunt,
1096 2681 1132 2735 ut
1155 2674 1260 2753 Frey¹l
1286 2678 1406 2753 aliique.

321 2801 439 2859 Oertam
470 2803 562 2860 huius
593 2803 636 2861 rei
667 2803 880 2861 diiudicandae
915 2820 1022 2860 ansam
1053 2820 1091 2861 ne
1123 2803 1257 2878 epistula
1287 2802 1408 2878 quidem

230 2926 309 2984 quae
333 2911 381 2966 est
396 2909 450 2979 Qu.
466 2908 500 2967 fr.
515 2909 540 2966 ll
557 2910 605 2967 12.
629 2910 787 2977 habemuS,
813 2911 895 2985 quia,
922 2910 1044 2985 quando
1069 2910 1144 2968 data
1167 2911 1209 2968 sit
1232 2929 1248 2968 e
1272 2909 1407 2968 Cumano

230 3015 279 3073 vel
304 3015 500 3090 Pompeiano,
525 3017 654 3091 reperire
678 3034 738 3074 non
761 3034 937 3091 possumus.
984 3016 1043 3075 Sed
1067 3017 1150 3074 haud
1182 3017 1246 3075 scio
1278 3034 1318 3074 an
1349 3018 1407 3073 hac

229 3121 348 3180 ratione
371 3121 479 3181 melius
504 3124 542 3179 ad
567 3141 635 3180 eum
658 3124 750 3181 finem
773 3125 996 3199 perveniamus,
1043 3124 1195 3199 Scriptum
1219 3124 1297 3182 enim
1320 3123 1406 3181 vide-

230 3246 298 3286 mus
321 3229 460 3303 proxima
483 3229 616 3305 epistula
645 3231 688 3291 ,ad
712 3231 855 3301 Quintum
879 3229 983 3307 (1113)
1007 3232 1097 3289 data:
1143 3229 1178 3289 A.
1202 3230 1229 3289 d.
1251 3228 1306 3289 IV.
1330 3230 1406 3291 Noc.

228 3333 309 3409 Jac,
332 3353 386 3409 qao
409 3334 454 3394 die
476 3335 602 3394 Romam
623 3336 696 3410 ceci,
711 3336 808 3411 accepi
827 3340 891 3395 tuas
906 3335 1016 3396 ldteras
1030 3336 1113 3395 datus
1127 3336 1284 3407 Placentia,
1309 3336 1408 3395 daiam

228 3440 607 3516 acaemetensium
622 3440 664 3521 -Ι-
680 3442 884 3503 Blccdencnce
911 3461 974 3502 cum
1002 3442 1134 3503 Occscre's
1162 3442 1266 3503 litteris
1292 3442 1407 3518 refertis

229 3548 307 3606 omni
336 3548 447 3623 officie,
481 3550 636 3632 dilipecte'e,
667 3551 807 3609 sauvitate
842 3551 876 3628 (c.
897 3550 934 3628 1).
1003 3551 1123 3609 Marcus
1155 3551 1248 3626 igitur
1279 3552 1405 3610 alteram

229 3656 394 3729 epistulam
418 3676 445 3715 a
463 3657 490 3715 d.
508 3658 554 3716 Ill.
578 3658 655 3717 Non.
678 3657 747 3716 Jun.
772 3658 898 3733 accepit
933 3676 1030 3733 noque
1054 3658 1132 3716 enim
1157 3658 1290 3716 dubitari
1312 3677 1406 3734 posse

228 3764 314 3837 puto,
348 3763 420 3838 quin
451 3769 523 3838 post
552 3766 678 3822 verbum
703 3763 855 3837 postridie,
886 3769 922 3822 ut
952 3764 1066 3840 Tyrrell
1098 3768 1129 3822 et
1155 3761 1294 3841 Purseru
1325 3767 1405 3823 recte

319 4008 339 4077 ¹)
357 4008 399 4063 De
418 4007 547 4078 epistulis
565 4024 583 4062 a
602 4007 735 4063 Cicerone
754 4010 822 4079 post
840 4007 960 4062 reditum
978 4023 1066 4079 usque
1084 4007 1220 4062 adfinem
1235 4006 1303 4061 anni
1314 4024 1403 4063 auc.

229 4097 283 4153 700
301 4097 374 4152 datis
393 4096 574 4169 quaestiones
593 4097 820 4167 chronologicae.
859 4096 928 4152 1885
953 4114 980 4168 p.
998 4096 1043 4152 40.

318 4187 338 4256 ⁹)
358 4186 561 4257 Ausgewahlte
579 4184 681 4252 Briefe,
700 4186 825 4257 Leipzig,
846 4185 939 4241 1893⁶.
959 4203 985 4257 p.
1006 4184 1047 4241 10.
1205 4246 1208 4249 ⁴

319 4275 340 4346 ³)
360 4274 420 4330 'l'he
438 4275 678 4346 correspondence
698 4275 730 4329 oi
748 4276 784 4331 M.
798 4274 905 4329 Tullius
923 4275 1028 4341 Cicero,
1048 4276 1104 4330 vol.
1123 4276 1148 4329 ll
1169 4275 1246 4341 1888,
1266 4274 1367 4346 p.123.
