3275 4959
742 336 966 394 ..30-

271 515 348 590 ipsis
373 517 492 589 agatur.
543 514 580 572 ut
611 509 736 573 verbum
768 513 926 573 couicicadi
955 514 986 570 in
1017 513 1158 571 Caesaris
1190 514 1226 571 de
1257 513 1336 571 bello
1368 512 1453 570 civili

272 621 356 680 libris
381 622 526 696 scriptum
550 622 705 679 videmus:
736 624 850 680 nostrae
879 637 963 679 naves
993 620 1065 678 duae
1086 619 1198 678 tardius
1222 636 1305 678 cursu
1328 619 1456 692 confecto

272 728 303 787 ia
317 730 425 787 codem
442 727 579 786 coniectae
602 772 608 785 .
627 771 632 786 .
651 772 657 785 .
682 726 717 805 (ll
733 727 785 795 28,
799 723 838 809 1).
876 727 1040 802 Navigatio
1056 727 1148 801 igitur
1160 729 1270 801 coepta
1284 727 1314 784 in
1330 729 1453 783 noctem

274 836 455 894 continuata
478 837 534 892 est.
581 835 753 910 Eademque
775 835 839 892 iere
862 834 1016 892 sententia
1039 834 1070 891 in
1095 834 1142 891 his
1165 834 1260 891 inest:
1298 832 1457 908 quodnisi

272 942 304 1001 ia
326 945 433 1001 noctem
450 940 594 1015 proelium
617 945 686 1000 esset
708 940 861 1000 coniectum
890 940 980 1017 (auct.
997 942 1024 999 b.
1041 937 1106 999 Air.
1124 940 1190 1017 52);
1223 941 1369 1014 proelium
1393 941 1454 1014 igi·

273 1049 376 1107 turin
399 1050 519 1106 noctem
544 1048 754 1106 continuatum
779 1051 835 1107 est.

361 1156 462 1230 Atque
495 1155 575 1213 hane
605 1156 785 1213 sententiam
818 1156 849 1213 in
880 1156 994 1213 verbis:
1026 1158 1051 1211 te
1177 1154 1208 1213 in
1235 1153 1315 1213 ludos
1338 1170 1455 1212 causam

273 1261 547 1323 coaicereuoluisse
576 1262 678 1319 inesse
702 1265 786 1337 puto.
833 1264 924 1320 Verto
959 1263 1018 1331 sic;
1057 1261 1109 1319 Du
1137 1261 1233 1320 habat
1259 1261 1311 1319 dea
1341 1257 1457 1330 Prozess

273 1368 350 1427 eiciet
372 1368 415 1427 bis
437 1369 467 1427 ia
490 1368 536 1427 dic
563 1367 637 1442 Tage
659 1368 709 1427 der
731 1367 824 1441 Spicle
845 1369 972 1427 toramen
1003 1368 1092 1427 disseri
1122 1367 1228 1427 wellen.
1275 1368 1348 1426 (lum
1372 1369 1455 1425 enim

273 1476 377 1533 Planci
401 1490 498 1533 causa
521 1478 654 1533 extremo
680 1493 781 1533 mense
804 1476 914 1533 Martio
938 1478 1010 1533 ante
1034 1476 1125 1534 ludos
1142 1476 1333 1550 Megalenses
1356 1479 1451 1543 esset,

275 1584 437 1641 accusator
459 1600 493 1640 se
517 1582 593 1639 dixit
617 1600 742 1640 causam
764 1583 810 1640 ita
833 1583 941 1641 ducere
964 1583 1111 1650 noluisse,
1137 1591 1172 1640 ut
1195 1583 1276 1640 ludis
1300 1584 1453 1657 ageretur,

273 1708 310 1747 ne
335 1690 438 1747 Cicero
461 1688 494 1747 de
517 1688 601 1748 uasis
624 1690 744 1748 diceret.
789 1690 933 1748 Plancius
957 1691 1036 1748 enim
1060 1690 1168 1747 aedilis
1192 1689 1306 1747 curulis
1330 1693 1455 1747 creatus

274 1799 340 1855 erat
356 1799 394 1853 et
418 1796 445 1853 ei
472 1813 539 1853 eum
572 1796 689 1869 collega
718 1796 781 1854 ludi
812 1796 1001 1871 Megalenses
1032 1797 1201 1873 apparendi
1231 1799 1324 1854 erant.
1378 1796 1456 1853 llius

274 1907 377 1961 autem
401 1904 512 1961 iudicio
534 1903 674 1961 ludorum
690 1905 859 1979 apparatus
874 1904 905 1961 iu
921 1896 1045 1962 dubium
1061 1906 1166 1963 vocari
1181 1904 1343 1961 videbatur
1358 1907 1456 1977 atque

274 2010 447 2068 (Maronem
471 2028 508 2067 ea
530 2027 561 2067 re
585 2011 717 2067 iudicum
739 2011 858 2069 animos
874 2015 1026 2069 moturum
1042 2029 1111 2069 esse
1128 2013 1291 2069 accusator
1306 2012 1456 2086 opinatus

274 2116 375 2174 lecum
398 2116 482 2174 illum
507 2135 695 2175 communem
718 2117 872 2176 illudendo
895 2119 1075 2194 praeripuit;
1109 2136 1170 2194 qua
1201 2137 1232 2176 re
1256 2118 1381 2185 monuit,
1413 2134 1456 2173 ne

276 2224 312 2281 de
335 2224 431 2281 tensis
456 2223 615 2296 magnifiee
640 2224 760 2292 diceret,
784 2227 820 2282 ut
843 2226 873 2281 in
897 2224 966 2283 aliis
983 2225 1133 2283 aedilibus
1157 2228 1228 2283 ante
1251 2225 1383 2283 iecisset
1416 2224 1453 2280 ln

274 2330 353 2388 ludis
378 2331 455 2388 enim
478 2329 712 2403 Megalensibus,
746 2332 798 2406 qui
830 2336 917 2390 erant
944 2350 964 2389 a
994 2332 1089 2407 pridie
1111 2333 1187 2390 Non.
1212 2332 1328 2407 Apriles
1352 2348 1457 2406 usque

275 2437 323 2497 ad.
347 2455 374 2494 a.
393 2438 419 2495 d.
435 2436 484 2494 IV.
508 2437 578 2494 Idus
600 2438 727 2512 Apriles
754 2456 896 2513 pompam
911 2439 1009 2497 fuisse
1026 2443 1057 2497 et
1071 2442 1161 2497 tensa
1180 2440 1198 2496 i.
1216 2458 1239 2496 e.
1257 2456 1346 2496 curru
1363 2455 1456 2495 sacro

274 2544 404 2618 Magnae
427 2544 532 2601 Matris
565 2545 761 2602 simulacrum
791 2550 911 2603 vectum
940 2565 1009 2605 esse
1033 2546 1160 2603 Ovidius
1182 2546 1273 2604 testis
1297 2548 1345 2604 est
1369 2544 1455 2621 (last.

276 2650 324 2718 lV,
352 2648 466 2727 348)¹).

366 2757 425 2814 Sed
449 2758 523 2815 haec
554 2757 670 2815 leviora
693 2761 777 2826 sunt;
809 2760 935 2833 gravius
965 2762 1022 2827 est,
1057 2761 1138 2836 quod
1168 2760 1312 2817 iudicium
1344 2760 1456 2833 paucis

223 2902 224 2905 =
276 2864 383 2922 diebus
412 2867 485 2922 ante
506 2864 596 2922 ludos
627 2864 724 2923 fuisse
749 2862 915 2942 appareti).
961 2867 1067 2942 ltaque
1100 2868 1212 2942 optime
1244 2867 1346 2925 omnia
1378 2883 1452 2924 con-

275 2971 378 3029 venire
401 2971 550 3039 videntur,
584 2972 611 3029 si
634 2971 738 3029 Planci
756 2972 913 3030 iudicium
937 2976 1070 3031 extremo
1095 2992 1197 3032 meuse
1221 2974 1329 3031 Martio
1353 2973 1456 3031 fuisse

276 3095 434 3136 censemus
459 3081 530 3135 ante
560 3078 661 3135 ludos·
674 3078 872 3153 Megalenses.
918 3082 1039 3138 Atenim
1071 3081 1265 3147 dissentiunt,
1301 3098 1380 3156 quae
1412 3080 1453 3137 ad

277 3184 429 3242 Ciceronis
452 3185 558 3243 verba:
589 3184 687 3243 deinde
709 3185 837 3257 effundas
859 3190 977 3259 repente,
1007 3192 1039 3245 ut
1061 3192 1126 3246 cate
1148 3204 1303 3246 caucasum
1325 3203 1455 3244 nmmum

276 3290 402 3349 iudicum
425 3290 552 3363 videam.v
573 3309 658 3364 quam
682 3292 835 3364 potuerim,
866 3294 916 3366 qui
944 3297 1031 3352 assera
1060 3294 1163 3366 futuri,
1194 3293 1344 3367 suspicari,
1374 3292 1455 3365 opud

276 3413 372 3470 eosque
394 3402 493 3455 meae
514 3397 634 3471 quicuque
663 3398 773 3471 quidem
799 3399 918 3472 reiectis,
948 3400 1022 3474 praed
1051 3401 1089 3460 ia
1114 3402 1296 3474 proximo
1328 3418 1388 3458 reo
1419 3400 1456 3457 de

277 3502 388 3561 consilii
405 3503 539 3563 scatentia
569 3504 749 3563 constitutum
775 3510 822 3578 est,
854 3523 935 3581 copas
964 3524 1079 3566 causam
1109 3509 1142 3566 de
1171 3508 1296 3581 fortunis
1326 3507 1455 3565 mamus

263 3608 387 3668 dicere?
410 3607 474 3686 (pro
499 3610 600 3685 Plane.
620 3609 732 3687 16‚40)
757 3613 927 3671 scholiasta
949 3609 1113 3673 Bobiensis
1134 3616 1308 3690 adscripsit:
1331 3613 1404 3672 Jam
1419 3613 1456 3671 de

277 3716 421 3775 sodaliciis
452 3734 565 3776 musam
588 3718 702 3777 diseat
725 3719 759 3778 P.
781 3720 911 3780 Vatinius
941 3721 1034 3780 codem
1063 3722 1223 3794 defendente
1253 3722 1295 3779 M.
1317 3720 1457 3780 Cicerone

279 3822 377 3898 (Orelli
396 3824 428 3890 V,
453 3841 480 3898 p.
498 3824 582 3901 262).
630 3827 729 3901 Atque
753 3828 810 3885 hoo
833 3828 1007 3887 testimonio
1031 3829 1089 3886 viri
1113 3830 1194 3887 docti
1217 3846 1286 3887 cum
1302 3828 1453 3887 orationis

277 3944 331 4005 pro
362 3930 486 3989 Plancio
518 3931 641 3990 habilae
672 3936 792 4008 tempus
825 3936 1016 4004 statuebant,
1049 3937 1179 3993 maxime
1210 3936 1270 3993 nisi
1302 3937 1387 4003 sunt,
1420 3935 1453 3992 id

367 4175 387 4244 ¹)
406 4174 442 4229 el.
462 4175 493 4231 G.
512 4174 660 4241 Wissowa,
680 4176 740 4230 Rel.
759 4194 786 4230 u.
806 4177 883 4231 Kult.
903 4177 929 4232 d.
948 4178 990 4242 R„
1010 4177 1152 4233 Mimohen
1171 4178 1249 4245 leia,
1268 4196 1294 4250 p.
1308 4179 1369 4233 264.

366 4263 385 4332 ¹)
404 4263 564 4329 Rausehen
585 4281 611 4335 p.
624 4263 715 4334 56157.
