3275 4959
746 361 962 419 -36-

358 539 466 599 Ρο1010
497 540 589 613 igitur
618 542 694 614 puto
718 540 852 597 Marcum
884 539 980 614 primo
1012 556 1114 596 mense
1138 539 1258 597 Octobri
1289 540 1325 596 de
1356 541 1449 598 rebus

269 647 424 705 mittendis
449 666 468 704 a
490 647 582 703 fratre
607 645 762 703 certiorem
786 646 902 703 iactum
927 664 1005 704 esse.

358 754 472 811 Deinde
496 752 748 811 considerandum
773 756 822 811 est
846 770 883 809 ex
907 752 974 810 Kal.
996 752 1089 827 Sept,
1114 753 1225 827 quibus
1242 753 1355 810 Caesar
1377 754 1449 812 illas

271 879 345 919 suas
374 860 492 917 litteras
526 860 608 916 dedit
639 877 737 935 usque
770 860 808 916 ad
833 878 860 918 a.
878 860 904 917 d.
921 859 955 917 V.
973 860 1014 919 ld.
1031 859 1103 924 Oct,
1133 876 1193 934 quo
1218 859 1338 917 Marcus
1361 861 1449 919 fratri

270 967 408 1042 scripsit,
445 966 648 1041 quadraginta
678 967 739 1023 lere
771 967 837 1024 dies
867 967 1065 1041 praeterisse,
1103 984 1164 1041 quo
1195 966 1356 1024 intervallo
1387 968 1448 1025 nisi

268 1070 387 1131 litteras
411 1074 532 1131 Marcus
556 1073 690 1130 0110110
714 1074 892 1148 decepisset,
918 1090 979 1131 non
1003 1076 1051 1131 est
1074 1073 1214 1140 dubium,
1248 1074 1321 1148 quin
1344 1092 1448 1131 curam

269 1197 471 1255 angoremque
488 1197 577 1237 suum
594 1180 769 1254 proditurus
786 1180 886 1248 luerit,
904 1197 972 1236 cum
989 1180 1152 1255 epistulam
1169 1180 1197 1238 2.
1214 1180 1308 1237 daret.
1341 1180 1448 1256 Neque

269 1288 305 1345 dc
337 1306 411 1345 cura
438 1290 468 1345 01
492 1304 603 1361 angore
627 1287 692 1344 eius
717 1287 884 1361 quidquam
908 1288 1055 1355 sentitur,
1088 1290 1123 1345 ut
1146 1306 1182 1345 eo
1205 1289 1341 1362 tempore
1363 1287 1446 1345 litte-

268 1411 369 1452 rarum
393 1394 647 1451 intermissionem
670 1410 731 1450 non
754 1393 851 1451 fuisse
868 1395 931 1451 iure
948 1393 1174 1452 concludamus
1211 1393 1316 1469 Neque
1339 1396 1447 1469 paucis

268 1501 375 1559 diebus
406 1505 480 1581 0001
507 1502 602 1558 verba
625 1500 804 1569 0.1113,1.,
831 1501 942 1576 quibus
974 1519 1124 1558 summam
1155 1502 1192 1559 de
1218 1500 1322 1558 fratris
1346 1501 1446 1559 salute

268 1625 371 1665 curam
395 1608 548 1682 patefecit,
573 1607 703 1665 scribere
727 1610 863 1681 poterat;
888 1625 955 1665 cum
977 1608 1055 1665 enim
1071 1607 1164 1682 paulo
1181 1609 1316 1665 auteres
1332 1608 1446 1666 missas

268 1715 452 1788 superiorem
476 1714 639 1789 epistulam
663 1732 682 1771 0
704 1713 796 1771 110110
820 1715 1000 1789 accepisset,
1026 1715 1194 1771 litterarum
1209 1714 1446 1772 intermissionis

266 1820 458 1879 intervallum
482 1820 578 1879 multo
601 1821 700 1878 minus
723 1821 746 1877 L
770 1822 886 1878 dierum
901 1822 968 1879 mit.
1006 1822 1099 1890 Unde,
1125 1839 1205 1895 quae
1226 1822 1263 1879 de
1279 1825 1315 1879 eo
1332 1822 1447 1897 scripta

268 1927 499 1996 00111113,1.,
526 1945 593 1984 oum
617 1945 719 1984 mense
744 1928 865 1985 Octobri
888 1945 948 1985 non
972 1927 1164 1985 conveniunt.

355 2034 496 2092 Nondum
520 2034 681 2109 exquisivi,
707 2051 769 2109 qua
783 2035 902 2091 ratione
918 2034 1039 2091 Marcus
1055 2034 1130 2091 illud
1146 2034 1339 2092 intervallum
1356 2036 1444 2110 quin-

268 2142 415 2216 quaginta
447 2141 577 2216 amplius
609 2141 723 2198 dierum
755 2142 993 2215 computaverit,
1027 2144 1127 2198 utrum
1159 2158 1196 2197 ex
1224 2159 1285 2216 quo
1309 2144 1446 2217 tempore

267 2248 399 2323 epistula
422 2252 556 2306 extrema
580 2267 595 2306 e
618 2248 777 2306 Britannia
800 2250 889 2316 data,
920 2266 960 2305 an
983 2249 1097 2306 Romae
1121 2250 1160 2306 ab
1185 2266 1221 2306 eo
1244 2252 1372 2324 accepta
1395 2250 1444 2307 sit.

265 2354 323 2411 Per
347 2372 379 2411 se
404 2356 482 2411 enim
504 2356 650 2413 incertum
673 2373 742 2413 esse
765 2358 877 2429 potest,
903 2358 996 2430 atque
1020 2358 1145 2413 secutus
1170 2373 1238 2413 sum
1262 2356 1445 2415 sententiam

267 2462 306 2518 ab
331 2461 471 2519 omnibus
495 2463 671 2536 probatam,
705 2480 767 2536 qua
790 2461 986 2521 intervallum
1010 2462 1130 2519 ducitur
1153 2464 1192 2519 ab
1216 2462 1268 2519 illo
1293 2463 1356 2531 die,
1382 2482 1444 2537 quo

267 2568 385 2625 litterae
410 2586 426 2625 e
441 2568 600 2625 Britannia
615 2568 705 2626 datae
723 2569 792 2627 sint.
832 2569 864 2626 Si
880 2569 959 2625 enim
975 2569 1073 2626 altera
1088 2569 1241 2627 sententia
1255 2571 1443 2643 probaretur,

267 2692 316 2733 res
344 2675 388 2732 110
416 2693 449 2732 00
472 2676 605 2733 haberet.
652 2675 764 2733 Caesar
787 2680 818 2733 et
841 2676 970 2746 Quintus
994 2676 1072 2733 idem
1096 2676 1240 2750 temporis
1265 2676 1399 2751 spatium
1421 2676 1445 2734 L

266 2781 397 2856 amplius
422 2782 536 2839 dierum
560 2783 702 2840 extremis
725 2782 834 2840 litteris
856 2783 938 2839 datis
955 2783 1239 2857 praetermisissent,
1265 2784 1443 2857 priusquam

265 2888 418 2963 proximas
443 2889 556 2946 darent.
595 2889 642 2946 Ad
665 2889 723 2946 hoc
746 2890 923 2947 accederent
938 2889 1059 2947 XXVlll
1073 2890 1135 2946 iere
1159 2890 1233 2957 dies,
1259 2893 1295 2946 ut
1317 2890 1443 2947 nuntius

265 2995 371 3053 deinde
394 2995 521 3053 Romam
545 2996 733 3070 perferretur.
771 2996 892 3053 Marcus
916 2997 1007 3070 igitur
1030 2997 1066 3053 de
1082 2999 1149 3053 toto
1166 2996 1268 3071 spatio
1285 2996 1445 3070 octoginta

264 3102 325 3159 iere
349 3103 463 3159 dierum
488 3101 608 3159 omnino
632 3102 815 3174 ignorasset,
846 3104 999 3177 quomodo
1023 3121 1072 3160 res
1095 3103 1198 3160 fratris
1223 3122 1256 3161 se
1279 3103 1442 3172 haberent;

265 3226 344 3283 quae
368 3207 520 3266 sententia
543 3209 608 3267 veri
632 3209 739 3267 similis
763 3226 825 3266 non
849 3213 914 3278 est,
946 3210 1123 3283 praesertim
1148 3227 1216 3266 cum
1240 3190 1442 3268 consideratis

264 3316 354 3372 rebus
379 3334 398 3371 a
421 3315 551 3372 Caesare
581 3316 612 3372 in
636 3314 759 3388 Belgica
791 3319 822 3373 et
844 3317 1003 3373 Britannia
1032 3317 1130 3390 gestis
1161 3317 1213 3373 vix
1244 3317 1303 3373 dici
1330 3318 1440 3391 possit,

265 3439 317 3479 cur
341 3440 393 3497 per
408 3422 430 3478 L
454 3422 518 3479 dies
534 3421 651 3479 nullum
674 3414 813 3480 nuntium
837 3424 965 3481 Romam
980 3424 1104 3492 miserit,
1130 3441 1197 3481 cum
1213 3424 1282 3481 aliis
1298 3425 1443 3497 tempori-

264 3530 322 3586 bus
347 3546 414 3585 eum
445 3530 549 3603 parvis
574 3530 685 3603 spatiis
716 3530 906 3603 interpositis
937 3529 1115 3587 tabellarios
1144 3530 1265 3588 misisse
1288 3531 1442 3589 Ciceronis

263 3634 373 3693 litteris
398 3652 627 3709 cognoscamus
682 3637 870 3711 Quapropter
900 3636 981 3709 prior
1012 3638 1163 3694 sententia
1190 3639 1348 3712 probanda
1372 3655 1442 3695 esse

263 3742 335 3799 mihi
360 3743 479 3816 quidem
503 3742 629 3800 videtur.

354 3849 412 3906 Sed
424 3850 583 3906 redeamus
597 3850 635 3906 ad
648 3866 718 3907 rem.
750 3850 900 3920 Quoniam
912 3852 1007 3907 verba
1016 3850 1146 3908 aMarco
1160 3851 1196 3907 de
1208 3850 1260 3908 illo
1273 3850 1441 3909 litterarum

263 3956 498 4013 intermissionis
529 3954 690 4014 intervallo
722 3956 836 4030 scripta
860 3955 909 4033 (lll
926 3959 955 4025 3,
972 3955 1000 4033 1)
1032 3974 1099 4013 oum
1123 3975 1226 4014 mense
1243 3958 1364 4015 Octobri
1379 3976 1441 4016 non

264 4042 456 4129 conveniunt,
482 4062 521 4119 ad
537 4061 618 4119 aliud
636 4065 756 4137 tempus
773 4080 810 4119 ea
825 4064 982 4121 referenda
997 4066 1027 4121 et
1043 4063 1205 4138 epistulam
1222 4065 1250 4122 3.
1267 4082 1304 4121 ex
1320 4066 1441 4123 duabus

262 4169 401 4241 partibus
425 4169 534 4225 alienis
559 4186 628 4226 esse
651 4170 759 4226 iterum
783 4173 913 4227 constat.

353 4275 517 4333 Veniamus
542 4277 575 4333 at
597 4276 720 4333 tertium
744 4279 963 4348 argumentum.
997 4277 1041 4333 De
1057 4278 1159 4347 Quinti
1183 4282 1213 4335 01
1228 4277 1320 4334 Μο101
1337 4278 1440 4351 pueris
