3275 4959
682 366 905 424 „39-

206 541 341 616 epistolae
372 542 543 601 committere
571 560 628 601 non
660 542 748 602 endec
773 542 940 620 (ΝΜ).
992 543 1077 613 Quae
1108 545 1202 601 verba
1232 561 1300 601 cum
1332 545 1382 613 iis,

207 668 285 724 quae
319 650 355 707 ad
381 650 522 721 Quintum
553 650 675 707 fratrem
708 650 868 726 aliquanto
892 652 965 725 post
996 650 1111 725 scripta
1141 653 1215 707 sunt
1237 650 1287 723 (ΙΙΙ
1299 651 1328 719 3,
1340 650 1380 727 2),

207 756 319 831 optime
344 753 521 831 congruunt.
568 758 845 815 Animadvertimus
869 760 1027 831 praeterea
1054 774 1151 815 rerum
1175 774 1379 831 progressum,

118 906 122 912 .
207 881 274 920 oum
299 863 426 929 1113,2.
452 863 589 938 singulos
622 864 686 946 dies
720 862 1003 921 obnuntiationibus
1038 864 1180 921 sublatos
1216 867 1246 921 et
1276 864 1383 922 deinde

207 970 233 1027 ΙΙ
247 970 295 1037 15,
307 970 336 1028 3.
362 970 485 1027 comitia
500 971 532 1027 in
555 988 688 1027 mensem
713 970 915 1044 Septembrem
940 970 1035 1027 reiota
1059 987 1128 1028 esse
1151 972 1315 1029 nuntietur.

294 1077 390 1135 Venio
421 1078 460 1135 ad
492 1078 614 1134 tertium
646 1080 865 1151 argumentum.
916 1076 1098 1145 Ciceronem,
1131 1095 1199 1135 oum
1230 1077 1382 1154 epistulae

207 1184 246 1241 ΙΙΙ
260 1184 288 1241 3.
313 1184 441 1259 priorem
466 1186 583 1259 partem
607 1184 759 1253 scriberet,
794 1202 913 1242 summa
938 1184 973 1241 de
996 1184 1100 1242 fratris
1132 1184 1232 1243 salute
1256 1202 1329 1243 cura
1352 1189 1384 1243 et

206 1308 318 1366 angore
341 1291 439 1349 fuisse
462 1290 563 1349 verbis
588 1292 653 1349 eius
677 1294 771 1365 patet.
819 1292 1008 1367 Quapropter
1031 1292 1068 1349 de
1091 1292 1149 1349 hoc
1180 1292 1212 1348 in
1243 1292 1383 1366 proxima

206 1398 339 1473 epistula
354 1397 380 1455 ΙΙ
396 1397 444 1456 15.
465 1398 553 1472 plura
572 1399 611 1455 ab
629 1415 664 1455 eo
681 1398 829 1472 rescripta
844 1416 913 1456 esse
930 1416 997 1455 cum
1022 1401 1129 1457 nostra
1151 1399 1381 1474 exspectatione

207 1506 362 1563 convenit:
415 1502 499 1563 Venio
522 1520 596 1563 nnnc
620 1504 658 1562 ad
680 1503 719 1576 id,
743 1502 815 1579 qaod
837 1504 928 1562 nescio
959 1524 997 1563 an
1014 1505 1146 1577 primam
1172 1522 1228 1563 ease
1250 1504 1382 1563 debeam

140 1644 147 1657 ·
207 1609 380 1670 Oiacandas
401 1610 474 1669 mibi
497 1614 559 1669 tans
580 1610 613 1669 de
629 1610 788 1689 Britannia
811 1610 936 1670 litterae!
971 1610 1114 1669 Timebam
1131 1609 1279 1683 Oceanum,
1303 1610 1382 1669 time-

205 1718 268 1777 bam
292 1716 359 1776 litas
380 1717 497 1776 insama
543 1716 666 1793 Enipea
694 1734 751 1776 non
781 1717 905 1792 equidem
936 1721 1086 1790 centenno,
1117 1718 1164 1776 sed
1185 1718 1253 1791 plns
1282 1718 1383 1777 tabent

205 1828 297 1883 tamen
327 1824 387 1898 spei
421 1819 504 1901 qnam
534 1823 646 1883 timoris
675 1824 817 1899 nmqisqne
851 1842 914 1883 sam
948 1823 1087 1883 sollicitas
1116 1825 1321 1898 mapeaatione
1350 1844 1384 1883 ea

204 1949 288 2007 qnam
318 1935 392 1990 necta
416 1931 451 2008 (o.
472 1929 512 2007 4).
570 1932 635 1990 Hoc
669 1949 730 1989 uno
765 1932 827 1989 iam
860 1932 981 1990 videtur
1015 1936 1192 2007 argumento
1227 1932 1382 1991 sententia

204 2042 312 2096 nostra
335 2040 465 2113 probata
488 2057 564 2096 esse.

295 2145 382 2203 Addo
406 2146 495 2203 haee:
528 2146 663 2203 Exeunte
698 2162 799 2203 mense
824 2145 949 2216 Quintili
970 2146 1091 2203 Marcus
1122 2147 1154 2203 in
1186 2146 1319 2222 epistula
1341 2146 1380 2204 ad

204 2252 338 2335 Atticum
360 2252 437 2309 data
460 2250 580 2329 (IV15)
604 2253 706 2309 verbis
729 2270 807 2309 usus
832 2256 894 2310 est:
929 2252 981 2309 En
1011 2250 1112 2327 Quinti
1140 2252 1247 2325 fratris
1278 2251 1382 2311 litteris

204 2358 333 2431 napicor
354 2358 413 2417 iam
436 2376 498 2417 eam
520 2375 576 2417 eene
597 2357 628 2416 in
651 2358 818 2417 Britannia.
873 2357 1041 2431 Suspenso
1068 2358 1182 2418 animo
1208 2362 1381 2433 exspecto,

204 2464 285 2540 qaid
307 2468 389 2540 apat
413 2464 446 2537 tc.
468 2464 526 2543 10).
573 2448 654 2522 Tum
672 2466 764 2538 igitur
787 2465 840 2522 illa
863 2466 923 2522 iarn
946 2466 1043 2523 inisse
1066 2466 1187 2523 videtur
1210 2467 1381 2526 litterarum

206 2572 405 2647 exspectatio,
432 2590 522 2647 quam
537 2571 679 2647 'prodidit
700 2572 787 2629 fratri
811 2571 894 2637 1113,
909 2572 934 2629 1.
966 2574 997 2628 et
1018 2573 1163 2648 temporis
1190 2572 1380 2648 aliquantum

205 2682 285 2737 certe
310 2680 516 2754 praeterierat,
542 2696 579 2737 ex
603 2696 663 2753 quo
687 2682 853 2737 extremam
869 2680 1031 2754 epistulam
1048 2679 1196 2737 Gallicam
1213 2676 1394 2753 acceperat'

204 2785 275 2843 Inde
306 2802 404 2861 usque
432 2786 525 2843 adid
548 2788 678 2860 tempus,
704 2803 764 2860 quo
789 2784 830 2842 Ill
847 2786 875 2853 3,
891 2786 915 2847 l.
948 2786 1078 2859 scripsit,
1111 2786 1204 2843 animi
1232 2786 1344 2844 sollioit
1366 2818 1379 2831 ·

205 2892 327 2950 dinibus
352 2893 541 2967 exspectatio
566 2893 632 2951 eius
656 2892 686 2949 in
711 2892 775 2950 dies
799 2892 903 2952 oravit.

293 2998 450 3057 Postremo
474 3000 568 3057 verba
590 3000 683 3057 haec:
717 2997 939 3072 Oceapntionam
970 3017 1097 3057 mearam
1127 2999 1180 3057 rai
1201 2999 1313 3073 siqnmn
1342 2999 1381 3057 sit

205 3104 320 3164 ranam
341 3123 450 3165 nana.
496 3104 582 3163 man
605 3105 674 3165 san
697 3122 753 3164 aa
774 3105 892 3177 nnana,
919 3122 972 3181 qno
994 3106 1041 3164 aa
1060 3122 1117 3164 aa
1140 3105 1234 3164 aram
1250 3122 1310 3179 pro
1331 3122 1380 3164 ra
1411 3089 1414 3093 ’

206 3211 255 3289 (111
273 3212 343 3290 el)
368 3212 446 3270 idem
468 3215 589 3288 tenipus
614 3213 797 3287 significant,
824 3213 905 3287 quod
928 3214 1039 3271 verba:
1071 3210 1143 3271 Cam
1164 3230 1183 3271 a
1205 3230 1249 3270 mc
1271 3211 1381 3271 litterae

204 3318 320 3378 librarii
341 3337 428 3377 mana
450 3319 597 3393 acceperit,
620 3338 654 3378 ne
671 3318 793 3393 pactam
815 3311 962 3403 (qnidam)
991 3337 1035 3376 me
1064 3318 1154 3377 otiam
1182 3318 1311 3378 batanea
1337 3319 1380 3377 ia·

204 3424 306 3498 dicato,
331 3443 393 3484 cam
415 3420 508 3485 antem
530 3444 599 3499 mea,
617 3425 746 3500 pantnm.
800 3424 850 3483 Sic
879 3425 953 3484 enim
981 3425 1078 3483 habeto
1107 3443 1259 3501 namqnam
1288 3444 1331 3484 me
1361 3445 1382 3484 a

205 3532 297 3591 anneis
320 3532 521 3591 districtiorem
544 3532 633 3605 faisse
656 3577 662 3591 .
687 3576 693 3590 .
719 3576 725 3589 .
751 3530 906 3609 (1115,1).
941 3533 1043 3590 Mense
1059 3533 1137 3590 enim
1154 3532 1260 3590 Sextili
1277 3532 1380 3592 Cicero

205 3640 304 3707 Drusi,
338 3640 451 3707 Vatini,
483 3640 590 3697 Scauri
620 3640 812 3699 defensiones
840 3641 972 3715 parabat
994 3636 1109 3714 (Quis.
1128 3639 1153 3696 ll
1172 3639 1271 3717 lae).
1317 3640 1379 3698 lta·

205 3764 264 3820 que
288 3746 364 3804 alter
386 3746 473 3803 loeus
498 3747 592 3804 altero
615 3749 743 3806 tenetur.

294 3853 409 3923 Quibus
425 3854 515 3911 rebus
532 3853 747 3911 demonstratis
764 3854 941 3928 priusquam
962 3853 1002 3911 ad
1018 3852 1210 3911 intervallum
1226 3852 1249 3909 L
1265 3854 1379 3910 dierum

205 3960 444 4034 computandum
459 3960 580 4027 accedo,
599 3960 766 4017 difficultas
784 3961 934 4035 quaedam
946 3960 1018 4017 mihi
1034 3960 1171 4018 tollenda
1186 3963 1242 4017 est.
1278 3959 1379 4033 Scrip-

204 4069 268 4123 tum
293 4067 371 4124 enim
394 4066 549 4125 videmus:
573 4065 773 4139 depolitiones
794 4065 939 4140 atrineqne
960 4070 1089 4125 nostram
1110 4070 1177 4125 snat
1190 4065 1222 4124 in
1236 4065 1381 4139 maribam

203 4172 250 4231 ced
273 4176 323 4231 tna
345 4170 383 4231 ad
400 4173 560 4246 perfectam
581 4172 641 4231 iam
663 4190 708 4231 res
734 4172 843 4231 mistica
864 4171 975 4231 Arcani
1004 4177 1030 4231 et
1059 4172 1180 4231 Laterii.
1226 4171 1380 4230 Practam

204 4278 237 4336 de
259 4296 340 4355 aqna
364 4278 397 4338 de
418 4278 467 4337 oia
488 4279 563 4338 nibil
577 4278 763 4353 praetermisi
784 4279 906 4355 quadam
928 4279 1047 4353 epistula
1076 4277 1143 4355 qnia
1174 4278 1313 4337 mactante
1342 4278 1381 4336 ad
