3275 4959
716 404 939 463 ...48-

236 584 309 645 sobo
331 583 438 643 rnirari
463 600 519 643 non
541 600 585 643 rne
607 582 708 643 rouen
730 581 858 655 acapna
879 585 943 640 tuas
966 580 1092 653 lituus,
1123 580 1248 656 anun
1269 599 1289 639 a
1312 578 1425 656 Quinto

236 691 308 751 milei
337 692 431 765 fratre
460 690 630 763 uafnantar
661 688 695 766 (c.
716 688 752 767 l).
797 689 831 745 In
862 688 910 746 his
940 688 1041 748 verbis
1069 688 1241 761 obiurgatio
1266 688 1420 763 quaedam

236 798 397 857 familiaris
428 798 516 855 inest.
562 798 662 873 Atque
691 814 727 854 aa
750 799 815 853 tum
840 796 960 855 demum
983 796 1068 853 iusta
1090 794 1166 863 fuit,
1195 812 1262 852 cum
1287 812 1356 853 eum
1380 812 1419 853 ex

236 905 372 979 longiore
395 907 530 979 tempore
555 921 623 961 cum
639 904 751 974 Quinto
774 921 838 961 una
858 920 927 960 esse
942 902 1064 960 Marcus
1088 902 1213 965 sciebat.
1251 902 1329 976 Ergo
1345 903 1425 977 post

239 1032 266 1070 a.
283 1012 310 1071 d.
325 1012 371 1071 111.
388 1011 463 1069 Non.
481 1010 554 1079 Iun,
580 1029 639 1085 quo
663 1010 738 1068 illud
753 1010 875 1068 Marcus
892 1011 1020 1084 primum
1037 1009 1189 1084 cognovit,
1215 1009 1331 1083 scripta
1345 1011 1425 1074 suut

239 1121 271 1177 et
293 1119 323 1176 id
348 1118 469 1194 quidem
492 1136 603 1193 magno
627 1118 807 1194 interposito
831 1116 1009 1185 intervallo,
1035 1134 1097 1192 quo
1120 1116 1239 1174 litterae
1263 1134 1283 1173 a
1306 1116 1423 1187 Quinto

238 1225 383 1294 redditae,
417 1244 437 1283 a
459 1225 601 1284 Trebatio
620 1227 723 1283 autem
746 1224 939 1282 intermissae
970 1226 1042 1287 sunt
1065 1227 1184 1299 praeter
1206 1241 1299 1281 unam
1323 1222 1417 1291 illam,

240 1350 332 1409 quam
358 1332 459 1390 Cicero
491 1335 564 1406 post
586 1350 614 1391 a.
631 1332 657 1389 d.
674 1332 719 1390 III.
741 1332 818 1391 Nou.
842 1331 906 1389 Iun.
930 1334 970 1389 ab
994 1349 1030 1389 eo
1054 1332 1180 1406 accepit.
1226 1332 1270 1387 Ac
1293 1348 1330 1387 ue
1353 1332 1422 1387 tum

240 1440 378 1515 quidem,
411 1455 479 1497 oum
511 1438 674 1513 epistulam
697 1438 752 1496 VII
770 1439 798 1497 7.
823 1439 962 1513 scripsit,
995 1438 1115 1497 litterae
1139 1439 1178 1495 ab
1202 1455 1238 1495 eo
1262 1440 1421 1505 venerant,

239 1548 270 1605 id
295 1546 376 1622 quod
396 1546 444 1603 his
460 1548 561 1620 patet:
585 1545 648 1621 Epo
664 1549 690 1603 te
705 1545 898 1604 conmendare
911 1562 967 1605 non
982 1544 1092 1618 danto,
1114 1544 1162 1604 sea
1176 1543 1244 1620 quiri
1252 1542 1421 1617 moficwm.

240 1671 276 1713 ac
298 1657 324 1711 te
345 1653 418 1711 seire
441 1651 522 1725 cupio
546 1652 580 1730 (c.
601 1651 636 1730 l).
682 1654 727 1710 Ea
750 1653 851 1712 Cicero
875 1653 1005 1711 scribere
1028 1670 1089 1710 non
1112 1654 1249 1727 poterat,
1275 1652 1302 1708 si
1325 1650 1423 1725 paulo

241 1763 311 1819 ante
336 1759 499 1835 epistulam
523 1778 542 1817 a
564 1760 706 1818 Trebatio
730 1760 914 1835 accepisset,
945 1759 1018 1835 quia
1041 1777 1078 1817 ca
1100 1760 1170 1833 ipsa
1191 1758 1281 1816 facile
1305 1774 1421 1832 cogno-

240 1868 347 1935 visset,
373 1867 447 1942 quid
470 1867 638 1942 proficeret.
676 1867 819 1925 Trebatio
844 1867 921 1924 enirn
945 1867 1049 1941 aliquo
1073 1866 1163 1925 modo
1187 1866 1223 1923 de
1246 1866 1338 1923 rebus
1353 1864 1424 1924 suis

241 1974 389 2033 nonnulla
412 1974 570 2032 scribenda
591 1975 722 2032 fuerunt.
762 1974 806 2031 Ex
829 1974 877 2031 his
901 1973 1033 2031 efficitur
1056 1972 1219 2049 epistulam
1239 1972 1293 2029 VII
1310 1973 1338 2030 ἵ.
1362 1971 1420 2028 ali-

242 2083 358 2156 quanto
381 2081 526 2155 temporis
550 2084 623 2156 post
647 2081 674 2139 8.
699 2081 802 2138 datam
824 2099 908 2149 csse3
933 2080 1125 2155 pervenimus
1142 2080 1234 2154 igitur
1248 2098 1286 2136 ea
1301 2072 1424 2143 ratione

242 2187 274 2245 in
296 2205 431 2246 mensem
455 2187 626 2257 Quintilem.

333 2295 430 2353 Venio
455 2295 494 2353 ad
518 2294 645 2352 alterum
673 2294 774 2355 locum
797 2294 1061 2369 interpretandum.
1108 2291 1145 2351 In
1167 2291 1327 2350 Britannia
1347 2291 1426 2350 nibil

243 2418 299 2460 esse
321 2400 408 2460 audio
430 2418 515 2477 neque
537 2401 605 2459 uari
626 2418 711 2476 napae
732 2400 851 2475 arpenti.
897 2399 984 2459 Idri
1010 2400 1054 2458 ita
1079 2404 1127 2473 est,
1158 2399 1281 2458 eranum
1307 2398 1424 2475 albuna

245 2506 343 2583 capim
372 2508 474 2567 ander
504 2511 530 2565 et
561 2507 599 2566 ad
628 2524 679 2567 nos
709 2525 793 2583 quarn
816 2506 949 2581 primnn
978 2524 1119 2567 recurras.
1164 2505 1216 2566 Sin
1243 2509 1336 2565 auten
1361 2505 1425 2565 sine

243 2614 405 2673 Britannia
438 2618 531 2673 tannen
557 2614 680 2690 menni,
714 2614 787 2690 quod
821 2614 957 2686 volumus,
985 2631 1146 2688 ponamus,
1174 2612 1290 2688 perfica
1320 2616 1353 2673 nt
1381 2612 1425 2671 sis

243 2721 276 2781 in
306 2720 502 2795 familiaribus
533 2719 665 2780 Caesaris
695 2720 813 2799 (1-2).
867 2722 976 2779 Latent
1007 2723 1064 2779 sub
1095 2722 1144 2778 his
1174 2722 1276 2779 verbis
1309 2722 1423 2779 obscu-

244 2829 377 2888 rioribus
402 2829 463 2886 duo
488 2828 617 2887 consilia
640 2828 816 2886 abicerone
840 2829 923 2896 data,
949 2828 1077 2887 alterum
1100 2829 1158 2885 hoc
1180 2820 1256 2886 fere:
1281 2826 1425 2903 Quoniam

245 2940 277 2995 tn
299 2934 330 2994 in
346 2934 534 2994 Britanniam
551 2934 687 3008 proficisi
707 2952 764 2994 non
785 2938 832 2993 vis
853 2934 898 3013 uel
914 2935 1063 3008 profectus
1084 2952 1141 2993 non
1163 2952 1191 2994 ea
1209 2967 1255 2976 -
1269 2935 1327 2992 has
1344 2934 1424 2992 duas

246 3042 416 3101 sententias
439 3042 567 3117 primum
592 3043 678 3117 sequi
702 3042 773 3100 licet
795 3075 849 3111 -,
873 3041 997 3101 essednnr
1018 3041 1135 3117 aliquod
1154 3040 1251 3115 capias
1272 3040 1374 3108 madeo
1397 3044 1425 3099 et

245 3148 283 3207 uri
305 3166 356 3208 nos
378 3166 462 3225 quarn
479 3148 611 3225 primurn
633 3166 774 3208 recurras.
820 3148 858 3207 Et
879 3152 1037 3225 tamquam
1056 3148 1235 3207 familiarem
1251 3151 1421 3215 excusaret,

247 3256 375 3313 addidit:
400 3254 560 3314 Dolenrinrn
583 3253 636 3314 tibi
657 3272 713 3315 non
736 3259 782 3329 est,
805 3255 878 3331 queri
900 3255 931 3313 in
953 3254 1143 3315 Britanniam
1165 3254 1219 3312 iter
1241 3271 1298 3313 non
1320 3253 1425 3327 fecisti,

246 3361 321 3439 qnia,
344 3366 377 3421 nt
398 3362 494 3435 audio,
517 3361 591 3421 nituit
612 3361 654 3420 rbi
675 3365 715 3421 est
735 3362 804 3421 auri
822 3380 906 3438 neone
921 3361 1040 3437 arpenti.
1075 3363 1181 3419 Utrum
1196 3362 1272 3421 haee
1288 3340 1426 3419 extrema

246 3471 351 3529 iocose
375 3486 414 3527 an
438 3470 518 3527 serio
542 3469 718 3537 dictasint,
750 3469 825 3526 nihil
853 3471 955 3538 relert3
989 3471 1069 3527 certe
1099 3469 1271 3535 Trebatius
1304 3470 1340 3526 ut
1369 3468 1424 3525 alii

243 3575 366 3635 nobiles
401 3576 537 3643 iuvenes,
571 3594 632 3650 quo
663 3578 797 3651 tempore
829 3594 897 3637 cum
931 3576 1060 3634 Caesare
1096 3579 1169 3644 erat,
1206 3575 1332 3633 divitias
1364 3574 1424 3635 sibi

249 3699 409 3757 congerere
441 3684 598 3752 studebat;
637 3683 673 3742 de
703 3684 762 3741 hoc
800 3684 880 3741 enim
915 3683 981 3742 eius
1024 3684 1127 3741 studio
1170 3682 1271 3740 Cicero
1314 3685 1426 3756 postca

248 3790 368 3849 iocatus
392 3791 441 3847 est
463 3766 579 3848 verbis:
610 3789 720 3849 Balbus
745 3789 818 3848 ruiti
841 3789 991 3861 cernant
1018 3794 1044 3848 te
1065 3788 1181 3850 divitem
1203 3790 1342 3862 futurum.
1387 3786 1427 3846 Iri

248 3899 345 3956 atrurn
365 3894 497 3955 Ronrano
520 3912 598 3955 ruore
621 3896 728 3955 tanetus
751 3897 798 3969 sit,
822 3897 886 3956 bene
907 3900 934 3955 te
954 3900 1131 3955 nummatam
1153 3896 1291 3969 faurum,
1314 3914 1353 3954 an
1371 3912 1427 3970 qne

248 4003 331 4062 mode
353 4000 444 4061 Stoici
465 4001 570 4071 dicunt,
596 4020 689 4062 onnes
711 4021 767 4063 esse
789 4003 900 4076 diriter,
922 4003 972 4079 qni
995 4003 1069 4061 caelo
1092 4006 1119 4061 et
1137 4006 1216 4061 terra
1230 4001 1295 4075 frui
1303 4002 1427 4075 possint,

243 4113 345 4185 postea
373 4108 472 4168 nidero
503 4109 565 4187 (VII
589 4108 690 4187 los).
742 4110 799 4168 Sed
835 4111 910 4168 haec
945 4111 1102 4169 hactenus.
1147 4110 1215 4168 Nou
1251 4109 1339 4167 aliter
1372 4109 1428 4166 illa

250 4235 330 4294 quae
365 4217 455 4275 attuli
487 4218 583 4276 verba
612 4217 839 4292 interpretanda
869 4236 938 4277 esse
968 4220 1053 4292 puto,
1089 4216 1186 4276 velut:
1220 4214 1361 4292 anianr
1393 4216 1427 4273 in

250 4323 410 4385 Britannia
431 4322 506 4384 nibil
526 4322 595 4383 auri
615 4341 700 4400 neque
721 4324 834 4399 arpenti
855 4327 902 4398 est,
932 4324 1055 4384 menum
1082 4323 1180 4398 capias
1201 4323 1303 4383 suadeo
1325 4325 1359 4381 et
1380 4322 1429 4381 art
