3275 4959
672 377 895 435 ..23-

187 550 384 609 insanientem
414 551 556 610 communi
582 552 716 627 dignitati
746 552 781 631 (o.
801 554 829 632 1)
854 555 1056 631 Caesarisque
1084 556 1225 614 laudibus
1249 558 1368 631 praedi-

189 658 267 715 catis
293 656 327 734 (c.
347 658 441 735 1-2)
465 659 588 717 fratrem
611 662 739 720 monuit:
767 661 850 720 modo
872 662 945 720 radii
966 662 1031 720 date
1052 661 1254 734 Britanniam,
1284 680 1370 738 mmm

183 764 306 839 pingam
336 764 475 825 colombae
496 766 722 840 testamentalia
744 784 804 825 naec
828 766 920 846 (1.2).
965 770 1039 840 Quis
1062 770 1110 827 his
1135 770 1275 828 omnibus
1299 787 1366 845 per·

188 872 363 931 missionem
388 873 556 931 mansionis
580 873 659 932 clare
682 875 847 949 significari
870 877 1018 949 negabit?
1057 877 1246 952 Quapropter
1269 894 1369 935 errare

188 979 329 1037 videntur
351 980 451 1055 Tyrell
475 984 505 1038 et
520 981 638 1047 Purser,
664 966 716 1057 qui
736 1000 803 1039 eam
819 983 1024 1057 significatam
1040 1001 1110 1041 esse
1126 984 1258 1058 epistula
1273 984 1299 1041 Π
1318 984 1368 1043 14.

188 1084 406 1163 putaverunt),
432 1087 461 1144 id
487 1088 567 1163 quod
592 1088 684 1146 etiam
703 1090 848 1163 temporis
864 1090 982 1148 ratione
998 1091 1102 1149 nescio
1119 1109 1159 1149 an
1174 1092 1323 1165 improbet
1360 1136 1368 1149 .

188 1196 260 1253 Tres
292 1195 370 1253 enim
401 1196 471 1254 illae
504 1197 654 1272 epistulae
678 1215 741 1256 una
763 1200 794 1256 in
817 1200 957 1273 Arpinati
980 1201 1124 1273 acceptae
1148 1201 1245 1266 certe,
1279 1202 1368 1256 ante-

189 1320 281 1378 quam
304 1302 443 1378 proxima
459 1302 508 1380 )llI
528 1304 553 1373 1,
572 1304 621 1381 13)
639 1324 666 1363 a.
683 1307 710 1363 d.
726 1305 773 1363 IV.
791 1305 863 1363 Idus
880 1306 1010 1365 Sextiles
1028 1324 1044 1364 e
1059 1304 1217 1363 Britannia
1233 1306 1364 1373 daretur,

189 1428 209 1467 a
239 1411 350 1480 Quinto
381 1411 494 1469 missae
526 1414 619 1470 erant
666 1412 760 1487 Atqui
787 1412 880 1470 Marci
911 1413 1045 1488 epistula
1069 1412 1162 1470 1114.
1194 1414 1266 1487 post
1295 1411 1369 1469 ldus

188 1517 336 1588 Quintiles
360 1515 393 1594 (a.
411 1516 451 1594 4),
478 1521 611 1577 extremo
635 1517 772 1596 mensei),
799 1520 914 1595 scripta
930 1523 993 1589 est;
1017 1538 1097 1594 ergo,
1123 1537 1191 1577 cum
1207 1523 1278 1577 ante
1294 1518 1367 1576 ldus

189 1624 320 1682 Sextiles
343 1625 374 1681 in
390 1625 550 1683 Britannia
572 1626 625 1684 vix
647 1626 767 1685 reddita
790 1645 859 1685 esse
882 1627 1035 1695 videatur,
1060 1627 1128 1685 fieri
1150 1644 1211 1684 non
1235 1628 1365 1701 poterat,

186 1734 224 1789 ut
246 1732 375 1803 Quintus
407 1732 446 1789 ad
478 1750 544 1789 eam
575 1734 768 1801 rescriberet,
801 1751 869 1791 cunr
897 1734 934 1791 de
965 1734 1133 1793 mansionis
1168 1733 1369 1808 permissione

187 1838 274 1896 fratri
305 1840 420 1912 gratias
453 1841 562 1913 ageret.
608 1841 706 1911 Quare
729 1840 841 1916 'lyrelli
872 1844 903 1898 et
925 1841 1047 1902 Purseri
1071 1841 1224 1899 sententia
1246 1841 1370 1899 videtur

186 1945 269 2003 falsa
293 1963 371 2005 esse.

276 2052 434 2111 Postremo
466 2053 543 2110 inter
567 2054 668 2123 Quinti
697 2054 875 2129 epistulam,
906 2055 943 2113 de
966 2073 1028 2130 qua
1057 2055 1182 2129 scripsi,
1215 2057 1247 2111 et
1274 2054 1368 2111 Marci

187 2159 351 2234 epistulam
366 2177 469 2218 mense
484 2160 569 2218 lunio
586 2161 689 2219 datam
706 2161 742 2236 )ll
754 2161 804 2238 12)
821 2162 969 2220 rationem
985 2162 1168 2220 intercedere
1184 2179 1220 2219 eo
1237 2163 1368 2237 probare

186 2267 275 2335 licet,
302 2268 384 2343 quod
408 2268 537 2339 Quintus
561 2268 597 2326 de
620 2269 762 2327 Trebatio
788 2269 877 2344 plura
900 2270 1079 2344 scripserat,
1113 2270 1142 2326 id
1168 2270 1249 2344 quod
1272 2269 1365 2326 Marci

185 2374 289 2433 verbis
313 2375 521 2449 cognoscitur:
550 2373 711 2433 Trebatium
736 2392 799 2433 aero
822 2393 914 2433 meam
935 2376 1009 2451 qaod
1030 2375 1086 2435 isto
1108 2375 1271 2449 admiscear,
1293 2375 1371 2434 nibil

186 2485 234 2540 eat.
280 2480 344 2556 Epo
367 2480 449 2539 illam
471 2480 509 2539 ad
532 2480 679 2541 Caesarne
701 2482 781 2555 miei,
812 2483 862 2558 qni
883 2482 956 2541 mibi
977 2482 1037 2541 iam
1059 2481 1130 2541 satis
1152 2482 1238 2554 feeit:
1259 2482 1286 2542 si
1308 2482 1370 2556 apsi

186 2588 289 2662 minas,
308 2592 456 2661 praestare
478 2588 552 2648 nibil
573 2588 653 2647 debeo
669 2592 745 2664 teqae
764 2588 832 2647 item
846 2591 882 2648 ab
895 2607 927 2649 eo
941 2590 1056 2649 vindico
1072 2594 1097 2649 et
1113 2590 1200 2649 labero
1216 2589 1265 2667 (ΙΙΙ
1283 2592 1309 2659 1,
1325 2585 1365 2670 9).

187 2696 318 2766 Quintus
335 2696 421 2761 enim,
441 2713 508 2753 cum
522 2695 684 2770 epistulam
696 2674 830 2756 aMarco
846 2702 1003 2773 acceptam
1016 2696 1052 2774 (ll
1067 2696 1117 2775 13)
1130 2699 1161 2756 iu
1173 2699 1369 2757 rescribendo

187 2803 295 2859 iterum
318 2802 438 2877 legeret,
465 2803 501 2860 de
524 2802 666 2861 Trebatio
690 2804 865 2862 admonitus
890 2807 952 2874 est,
981 2809 1012 2863 et
1035 2823 1115 2881 quae
1139 2805 1176 2863 de
1199 2823 1235 2863 eo
1259 2805 1365 2879 explo-

186 2912 256 2967 rata
279 2910 419 2977 habebat,
445 2910 532 2968 fratri
555 2910 716 2969 nuntiavit.

277 3017 393 3087 Quibus
424 3016 584 3092 explicatis
615 3036 711 3086 nunc,
745 3036 837 3094 quam
867 3014 1029 3095 epistulam
1061 3019 1234 3092 significent
1256 3020 1367 3077 verba:

187 3122 304 3181 Canama
327 3124 396 3183 bono
419 3127 445 3181 et
467 3128 624 3182 atramento
647 3128 814 3198 amparate,
839 3127 938 3184 clmrta
959 3125 1033 3185 enim
1056 3126 1170 3185 dentata
1191 3143 1237 3184 res
1258 3128 1368 3201 apetar.

187 3228 295 3289 Scribis
317 3230 391 3289 enim
415 3233 440 3289 te
462 3248 559 3289 meas
583 3230 744 3291 litteras
766 3232 990 3306 superiores
1011 3231 1311 3307 axapaapaasse,
1333 3232 1366 3291 ia

184 3354 239 3412 quo
261 3337 337 3395 nibil
358 3354 463 3411 eoram,
486 3337 528 3396 mi
549 3337 651 3411 frater,
673 3338 741 3411 fait,
764 3356 834 3415 qaae
851 3343 939 3413 patae
963 3338 999 3417 (ll
1018 3340 1066 3408 14,
1084 3340 1121 3418 1),
1146 3339 1269 3398 facilius
1287 3340 1368 3397 diiu-

187 3444 313 3502 dicatur.
366 3444 471 3521 Neque
502 3446 580 3504 enim
610 3446 686 3503 haec
716 3447 819 3504 1111111
842 3451 975 3523 possunt
1005 3448 1044 3505 ad
1075 3446 1237 3523 epistulam
1260 3446 1363 3515 1113..

187 3550 260 3625 quia
290 3553 354 3609 tam
386 3569 454 3610 sero
486 3571 523 3611 ea
551 3552 669 3611 reddita
701 3556 757 3622 est,
794 3556 830 3611 ut
861 3554 992 3623 Quintus
1016 3554 1145 3613 adeam
1169 3572 1185 3612 1
1208 3554 1371 3613 Britannia

186 3658 306 3720 demum
336 3660 539 3734 responderet.
584 3659 639 3717 Illa
670 3663 772 3718 autem
796 3661 946 3735 epistula,
976 3680 1038 3736 qua
1062 3661 1191 3732 Quintus
1215 3661 1251 3719 de
1275 3661 1365 3718 malis

186 3763 355 3822 litterarum
377 3765 482 3825 formis
507 3769 634 3842 questus
659 3771 715 3836 est,
741 3785 757 3825 e
782 3768 883 3826 Gallia
906 3768 980 3826 data
1003 3771 1064 3838 est3
1089 3769 1192 3844 itaque
1216 3769 1255 3827 ad
1271 3785 1365 3842 supe·

187 3872 295 3930 riorem
328 3872 479 3947 quandam
513 3874 665 3941 ducimur,
700 3876 901 3950 quaestioque
933 3878 996 3943 est,
1032 3893 1105 3933 num
1136 3876 1266 3947 Quintus
1298 3892 1368 3931 eam

187 3979 414 4051 significaverit.
440 3998 531 4055 quam
555 4000 574 4038 a
597 3980 635 4039 M.
652 3981 733 4039 Orfio
757 3982 873 4056 accepit
897 4000 1000 4040 mense
1015 3983 1096 4040 Maio
1120 3984 1224 4041 datam
1248 3979 1367 4058 (1112).

189 4134 403 4146 --—.—--.

276 4222 296 4292 ¹)
315 4223 371 4279 vol.
391 4222 536 4295 1111147,
556 4224 652 4279 adnot.

275 4312 296 4382 ²)
316 4312 508 4368 Rauschen
527 4329 553 4384 p.
573 4314 689 4368 54-55.
