3275 4959
743 1229 846 1310 Pars.
874 1230 897 1308 l.

353 1454 355 1458 >
408 1389 454 1487 lie
487 1388 639 1511 epistulis
670 1389 714 1487 al
747 1387 904 1543 tuiutm
934 1389 1077 1487 neuen
1110 1388 1212 1487 datis.

256 1637 303 1719 Α.
331 1638 390 1719 De
418 1637 559 1731 Quinti
588 1638 801 1720 Ciceronis
829 1637 983 1719 itinere
1012 1660 1122 1719 anno
1153 1661 1192 1719 a.
1222 1637 1313 1719 chr.
1341 1660 1382 1720 n.

420 1764 516 1845 LIV.
545 1764 717 1846 ineunte
746 1764 802 1845 ad
831 1762 1057 1844 Gaesarem
1086 1763 1216 1844 facto.

241 1886 242 1891 ἵ
319 1909 508 1985 Quamquam
541 1911 594 1985 qui
626 1911 662 1969 do
684 1910 723 1968 M.
747 1910 826 1966 Tulli
857 1908 1009 1967 Ciceronis
1041 1909 1182 1983 epistulis
1214 1909 1409 1967 commentati

229 2018 303 2073 sunt
335 2017 431 2074 multa
463 2017 498 2075 de
523 2018 627 2088 Quinti
658 2016 810 2075 Ciceronis
843 2016 949 2074 itinere
981 2032 1061 2073 anno
1086 2034 1113 2073 a.
1138 2016 1203 2075 chr.
1220 2034 1248 2074 n.
1272 2016 1344 2074 LlV.
1369 2017 1409 2074 ad

231 2122 391 2181 Caesarem
422 2124 504 2181 facto
529 2124 730 2198 protulerunt,
764 2126 799 2180 ut
823 2123 859 2180 de
883 2141 920 2181 ea
942 2140 975 2181 re
1007 2123 1107 2180 denuo
1140 2123 1269 2181 scribere
1301 2141 1408 2197 super·

228 2246 397 2288 vacaneum
429 2249 496 2288 esse
526 2231 677 2299 videatur,
710 2230 888 2304 praesertim
919 2247 986 2287 eum
1018 2224 1213 2311 Rauschen¹)
1245 2230 1281 2287 de
1317 2230 1407 2288 certis

228 2335 320 2393 huius
333 2338 377 2394 rei
388 2337 611 2395 rationionibus
624 2337 796 2396 statuendis
810 2337 931 2395 omuino
945 2337 1166 2411 desperandum
1179 2354 1248 2395 esse
1261 2336 1405 2405 docuerit,

227 2445 330 2499 tamen
354 2460 421 2501 cum
445 2447 587 2502 accurate
612 2444 798 2521 exploratam
816 2461 877 2501 non
894 2461 963 2501 esse
978 2461 1040 2501 rem
1056 2443 1210 2511 vidissem,
1238 2444 1273 2502 de
1289 2444 1406 2518 integro

149 2534 151 2537 ⁸
226 2549 266 2605 ad
290 2567 358 2607 eam
382 2552 525 2609 accedere
557 2552 699 2609 institui·
738 2551 843 2626 Neque
875 2551 912 2609 de
944 2551 1093 2617 omnibus,
1127 2569 1206 2625 quae
1238 2550 1274 2609 de
1305 2550 1408 2621 Quinti

226 2655 333 2713 itinere
359 2656 460 2714 adhuc
484 2658 599 2733 scripta
630 2661 710 2727 sunt,
743 2658 836 2715 huius
867 2657 927 2715 loci
959 2660 1007 2713 est
1037 2658 1187 2715 disserere
1219 2657 1405 2731 singillatim,

229 2762 338 2819 sedin
362 2764 480 2821 medias
504 2782 553 2822 res
578 2767 613 2822 ut
635 2766 680 2822 ita
703 2765 799 2822 dicam
824 2764 1007 2839 progrediar.

316 2870 361 2927 Ac
392 2870 490 2945 prima
507 2866 688 2929 'difficultas
720 2874 768 2929 est
799 2872 835 2929 de
866 2873 1017 2946 tempore,
1055 2888 1116 2945 quo
1149 2871 1278 2941 Quintus
1310 2871 1408 2928 Roma

227 2975 415 3034 discesserit.
462 2978 507 3035 De
531 2997 593 3052 qua
615 2981 651 3036 ut
674 2976 843 3042 diiudicem
869 2980 962 3035 antea
983 2978 1080 3036 verba
1103 2996 1123 3033 a
1145 2977 1247 3034 Marco
1272 2977 1311 3033 ad
1326 2977 1407 3034 Atti-

224 3099 291 3139 cum
316 3084 446 3158 scripta:
476 3082 619 3143 Vestorius
633 3088 727 3143 uester
741 3102 785 3141 me
802 3102 859 3157 per
874 3083 983 3141 litterar
1005 3083 1078 3155 facit
1101 3082 1249 3141 certiorare
1271 3086 1297 3140 te
1311 3082 1408 3141 Rana

223 3206 249 3245 a.
270 3188 297 3247 d.
326 3188 377 3247 VI.
400 3188 446 3249 Id.
470 3190 569 3249 Maior
585 3187 626 3269 -l-
641 3185 747 3263 putare
764 3190 928 3264 profectum
950 3207 1005 3248 esse
1027 3188 1153 3262 tardius,
1177 3207 1261 3263 quam
1283 3189 1408 3262 dammas,

222 3295 416 3368 quodminus
437 3297 581 3357 calcares.
611 3298 661 3375 (IV
679 3298 728 3365 14,
758 3296 786 3374 1)
809 3297 1037 3372 interpretanda
1060 3299 1140 3355 sunt.
1194 3298 1295 3371 Atque
1319 3296 1408 3354 dubi-

221 3402 311 3471 tatio,
343 3422 424 3478 quae
448 3408 496 3462 est
519 3405 555 3462 de
580 3405 716 3462 codicum
741 3405 893 3479 scriptura
910 3407 1029 3477 potare,
1060 3404 1109 3460 cui
1140 3403 1192 3460 alii
1223 3404 1285 3461 alio
1316 3403 1406 3461 modo

222 3507 454 3588 mouebantur2p
479 3512 519 3569 ad
543 3512 621 3568 hauc
645 3512 858 3586 quaestionem
881 3510 995 3568 nullius
1020 3513 1068 3568 est
1083 3511 1240 3578 momenti;
1264 3511 1407 3585 primum-

222 3632 281 3688 que
306 3634 344 3673 ex
368 3616 430 3675 illis
454 3618 556 3675 verbis
580 3618 793 3692 cognoscimus
817 3617 901 3675 haec.
948 3617 1021 3675 Cum
1043 3618 1164 3675 Atticus
1182 3636 1208 3675 a.
1226 3618 1253 3675 d.
1269 3618 1317 3675 VI.
1333 3617 1406 3673 Idus

222 3720 324 3779 Maias
350 3723 451 3780 Roma
474 3724 718 3798 proficisceretur
740 3724 789 3781 vel
813 3724 969 3799 profectus
1001 3742 1070 3782 esse
1094 3724 1252 3792 diceretur,
1284 3723 1406 3780 Marcus

221 3845 283 3885 non
306 3828 433 3898 Romae,
460 3831 524 3899 sed,
554 3828 589 3887 ut
613 3830 746 3904 epistula
777 3849 856 3905 quae
889 3832 937 3887 est
961 3832 1014 3901 Qu.
1038 3832 1073 3888 ir.
1096 3832 1185 3889 1112.
1210 3832 1341 3897 constat,
1374 3830 1406 3886 in

222 3933 359 3993 Cumano
394 3936 444 3993 vel
475 3937 662 4011 Pompeiano
694 3938 766 3994 erat.
791 3937 905 3993 Deinde
929 3938 1050 3994 Atticus
1083 3939 1267 4011 quibusdam
1298 3937 1406 3994 diebus

313 4124 332 4194 ¹)
352 4124 555 4195 Ephemerides
574 4125 728 4191 Tullianae,
748 4126 875 4190 Bonnae‚
895 4125 965 4180 1886
983 4142 1010 4195 p.
1024 4126 1068 4181 53.

312 4213 332 4283 'i
352 4212 390 4269 cf.
410 4213 440 4269 O.
459 4213 491 4269 F.
510 4214 554 4269 W.
573 4214 697 4279 Mueller,
717 4216 751 4269 M.
766 4214 840 4268 'Pulli
860 4214 1001 4269 Ciceronis
1024 4215 1139 4284 scripta,
1159 4218 1230 4285 part„
1247 4213 1295 4269 111.
1314 4214 1370 4269 vol.
1392 4214 1405 4267 l

219 4300 319 4357 adnot.
340 4302 403 4357 crit.
422 4319 449 4373 p.
469 4302 603 4357 XXXVII.
903 4307 905 4310 ’
