3275 4959
711 397 911 455 ..5-

223 575 322 632 locum
345 574 439 644 illum,
474 592 535 651 quo
560 575 690 645 Quintus
715 578 745 633 et
769 576 882 633 Caesar
913 572 1069 649 congressi
1096 576 1177 642 sunt,
1211 591 1307 649 prope,
1327 572 1400 630 Pla·

224 681 354 738 centiam
378 699 521 756 quaerere
545 682 665 740 minime
689 699 767 757 opus
792 684 848 739 est.

311 788 415 863 Neque
439 788 537 847 altera
560 788 727 847 difficultas
752 788 876 846 sublata
899 791 955 846 est.
1002 788 1033 845 Si
1058 788 1136 845 enim
1159 787 1209 845 ille
1232 788 1320 845 locus
1344 787 1400 844 ob-

224 912 332 952 scurus
355 894 386 952 in
410 895 512 953 Gallia
534 896 684 971 cisalpina
708 896 787 953 situs
812 899 886 963 erat,
912 895 1082 953 mirandum
1106 897 1163 963 est,
1189 894 1271 969 quod
1287 894 1401 951 Caesar

224 1020 325 1059 mense
341 1002 423 1059 Maio
448 1003 582 1060 nondum
606 996 687 1077 apud
712 1003 885 1070 exercitum,
912 1003 966 1060 sed
988 1002 1020 1059 in
1037 1002 1127 1059 ltalia
1149 1001 1306 1076 superiore
1328 1000 1397 1069 fnit,

223 1108 335 1183 quique
359 1109 396 1166 do
420 1127 458 1167 ea
480 1127 511 1167 re
536 1110 730 1185 scripserunt,
756 1111 792 1167 ut
806 1109 943 1184 Napoleo
954 1106 976 1185 1)
1001 1111 1032 1167 et
1054 1106 1188 1184 Rugum
1213 1108 1278 1166 iure
1302 1108 1401 1165 offen·

223 1216 381 1298 debentur,
411 1218 447 1273 ut
470 1216 547 1275 alter
570 1217 696 1274 alteram
720 1216 952 1291 explicationem
976 1216 1135 1291 proferret;
1167 1215 1290 1291 putavit
1320 1214 1401 1272 enim

223 1322 321 1397 Bergk
345 1322 489 1391 Ciceroni,
515 1341 582 1381 cum
606 1340 643 1381 ex
668 1324 802 1381 Cumano
825 1323 952 1381 Romam
975 1322 1175 1391 revertisset,
1191 1321 1309 1379 litteras
1334 1320 1398 1397 (Qu.

222 1428 412 1507 n.1113,1)
435 1430 570 1489 redditas
595 1449 663 1489 esse
687 1449 713 1489 a
739 1431 765 1489 d.
782 1430 835 1487 VH
858 1433 889 1488 et
912 1430 960 1488 Vl.
996 1429 1037 1487 ld.
1053 1429 1153 1487 Maias
1177 1429 1249 1485 anni
1272 1428 1397 1496 Juliani,

223 1536 444 1612 Caesaremque
474 1537 568 1613 Alpes
600 1555 762 1612 superasse
793 1538 868 1612 prid.
899 1536 941 1595 Id.
972 1536 1041 1593 Mai.
1072 1536 1121 1593 vel
1152 1536 1261 1610 paucis
1292 1535 1401 1593 diebus

174 1687 176 1689 -
223 1645 301 1701 ante.
346 1644 406 1702 Sed
429 1644 495 1719 ipse
519 1662 578 1719 quo
601 1644 670 1703 loco
693 1662 742 1702 res
767 1663 786 1702 a
802 1644 933 1703 Caesare
957 1646 1028 1701 ante
1051 1642 1162 1701 bellum
1191 1642 1400 1699 Britannicum

222 1752 327 1825 gestas
343 1752 489 1825 temporis
513 1752 631 1810 ratione
647 1752 790 1826 disponit,
816 1751 849 1808 in
868 1750 1029 1825 angustias
1049 1746 1246 1826 adducitur,⁸)
1262 1751 1399 1823 praeter·

223 1875 315 1931 quam
340 1858 423 1932 quod
447 1858 607 1915 Caesarem
638 1860 709 1916 ante
733 1858 816 1915 illurn
841 1858 914 1915 anni
937 1858 1047 1915 Iuliani
1070 1857 1157 1925 diem,
1193 1857 1245 1931 qui
1268 1856 1328 1913 fuit
1350 1856 1399 1913 XI.

221 1964 307 2034 Iunii,
333 1964 365 2021 in
388 1968 510 2039 portum
526 1965 616 2023 Itium
638 1965 761 2023 venisse
784 1965 864 2022 infra
881 1963 918 2039 (p.
936 1962 1078 2039 41-42)
1094 1963 1275 2022 videbimus.
1306 1963 1400 2020 Prae·

221 2073 306 2128 terea
329 2071 471 2129 Caesaris
502 2072 677 2130 interfuisse
700 2072 765 2130 veri
796 2071 894 2130 simile
926 2075 974 2129 est
1002 2071 1246 2146 quamprimum
1277 2070 1308 2127 in
1331 2069 1399 2127 Bri·

222 2178 360 2235 tanniam
383 2178 517 2236 traicere.
558 2179 589 2236 Si
613 2182 716 2236 autem
740 2178 805 2236 eius
830 2182 860 2236 et
876 2178 979 2248 Quinti
1001 2177 1121 2236 litterae
1145 2180 1279 2236 extremo
1296 2194 1401 2234 mense

223 2284 305 2341 Maio
331 2302 347 2342 e
371 2285 521 2360 cisalpina
537 2286 628 2343 datae
652 2289 733 2355 sunt,
761 2286 874 2343 Caesar
889 2286 1012 2343 ineunte
1027 2285 1114 2342 lunio
1130 2285 1161 2342 in
1177 2283 1398 2359 transalpinam

223 2392 374 2466 pervenit;
407 2392 608 2451 conventibus
640 2394 732 2467 igitur
759 2393 892 2462 Gallicis,
927 2393 1035 2450 itinere
1066 2391 1195 2467 Illyrico,
1227 2392 1327 2448 reditu
1360 2392 1399 2448 ad

224 2498 388 2555 exercitum
421 2497 499 2576 (bell.
515 2516 542 2573 g.
558 2500 618 2557 Vl
646 2503 676 2558 et
700 2499 731 2577 2)
760 2500 857 2558 altera
887 2500 979 2557 huius
1011 2500 1083 2556 anni
1113 2516 1186 2574 pars
1218 2501 1401 2573 consumpta

220 2604 282 2661 iam
308 2607 381 2673 erat;
406 2606 513 2664 deinde
537 2607 638 2664 omnia
653 2607 780 2665 hiberna
803 2606 952 2665 circumiit
975 2606 1010 2683 (c.
1028 2606 1047 2663 2
1065 2609 1096 2664 et
1112 2605 1152 2683 3),
1178 2624 1246 2663 oum
1262 2606 1304 2662 IV
1326 2604 1400 2679 legi-

222 2711 333 2769 onibus
366 2713 515 2787 expeditis
546 2714 582 2771 ad
617 2714 764 2772 Treveros
797 2713 941 2771 discessit
965 2713 1000 2790 (c.
1023 2712 1061 2790 3),
1095 2714 1126 2770 in
1156 2716 1279 2788 portum
1309 2712 1399 2769 Itium

222 2818 364 2877 omnibus
389 2820 486 2894 copiis
510 2821 626 2877 coactis
650 2821 785 2889 revertit;
818 2821 915 2895 atqui,
945 2823 980 2878 ut
1003 2838 1098 2895 supra
1121 2820 1237 2895 scripsi,
1265 2822 1400 2876 extremo

220 2942 324 2983 mense
341 2922 496 2984 lunio'ibi
513 2944 580 2983 eum
596 2927 656 2983 ianr
672 2926 770 2985 fuisse
786 2929 915 3002 probare
939 2927 1021 2995 licet3
1046 2944 1117 3000 ergo
1141 2926 1211 2983 illae
1227 2943 1276 2983 res
1294 2943 1400 2983 omnes

221 3031 345 3088 minimo
369 3033 516 3107 temporis
545 3034 647 3108 spatio
672 3034 896 3091 contrahendae
920 3035 1001 3091 sunt.
1046 3033 1152 3109 Neque
1175 3032 1293 3090 tollitur
1317 3032 1400 3089 diffi-

221 3138 332 3207 cultas,
368 3139 395 3196 si
419 3157 539 3197 menses
563 3141 634 3197 anni
656 3140 728 3198 LIV.
753 3141 791 3197 ad
815 3140 951 3197 Iulianos
975 3140 1076 3197 fastos
1101 3139 1273 3213 redigimus,
1298 3136 1343 3195 ita
1365 3140 1402 3195 ut

221 3246 335 3303 mensis
360 3245 466 3304 Iunius
490 3264 557 3304 oum
580 3247 661 3304 Maio
684 3247 747 3304 fere
771 3247 844 3304 anni
867 3247 982 3304 Juliani
1005 3242 1204 3322 conveniat.⁴)

311 3352 414 3410 Tertia
449 3353 578 3429 denique
610 3353 787 3421 difficultas
825 3371 916 3428 quam
950 3353 1085 3410 nondum
1121 3352 1402 3410 animadverterunt

220 3457 278 3517 viri
302 3458 395 3527 docti,
424 3459 501 3517 haec
525 3462 580 3518 est.
614 3460 702 3534 Apud
727 3460 887 3518 Caesarem
911 3459 999 3526 enim,
1025 3476 1092 3516 cum
1117 3459 1247 3529 Quintus
1271 3476 1338 3515 cum
1363 3476 1401 3516 eo

221 3582 407 3638 congressus
439 3570 495 3634 est,
532 3567 692 3624 Trebatius
728 3566 916 3641 aliorumque
947 3565 1090 3624 iuvenum
1125 3565 1288 3623 multitudo
1324 3568 1399 3633 erat,

220 3672 296 3746 quia
331 3672 479 3748 scriptum
514 3675 573 3730 est:
613 3672 775 3731 Trebatium
810 3672 885 3746 qaod
918 3671 956 3730 od
980 3657 1017 3730 'sc
1050 3672 1186 3742 miserim,
1217 3671 1346 3745 persalse
1376 3675 1402 3729 et

217 3762 384 3837 humaniter
406 3778 493 3837 etiam
515 3778 625 3853 gratias
646 3778 719 3837 mibi
740 3779 809 3854 agit.
849 3778 943 3854 Negat
965 3778 1041 3837 caim
1064 3778 1096 3837 ic
1118 3781 1200 3837 tanto
1221 3777 1403 3837 multitudine

312 3968 331 4036 1)
351 3967 621 4023 asciscentes
641 3967 731 4033 cesar,
752 3968 830 4035 isco,
849 3985 876 4039 p.
893 3968 951 4034 199,
971 3930 1069 4023 aanor.
1082 3968 1108 4022 a.

311 4056 331 4126 ²)
351 4057 450 4111 Jahrb.
469 4056 490 4113 f.
508 4057 546 4111 kl.
565 4057 723 4127 Philologie
741 4073 769 4113 v.
787 4056 961 4123 Fleckeisen,
981 4057 1072 4128 suppl.
1093 4057 1134 4111 13.

312 4147 331 4215 8)
350 4162 377 4217 p.
389 4144 452 4201 621.

311 4235 331 4304 4)
350 4234 510 4305 Holzapfel,
538 4232 620 4289 Rom.
639 4234 828 4305 Chronologie
846 4251 873 4305 p.
886 4234 954 4300 222;
983 4234 1064 4291 Caes.
1082 4235 1147 4290 bell
1162 4251 1193 4305 g.
1220 4235 1264 4289 ed.
1282 4234 1400 4299 ffianor,

217 4322 345 4377 Berolini
364 4322 469 4378 1890.Ῑῡ
487 4341 514 4395 p.
529 4322 588 4389 192,
608 4322 704 4377 adnot.
721 4323 750 4389 13
771 4340 798 4393 p.
813 4322 866 4377 209
885 4322 983 4378 adnot.
995 4322 1023 4377 2.
