3275 4959
680 355 903 414 -17-

202 554 229 594 a.
245 536 271 593 d.
288 534 339 593 ΧΙ.·
354 534 518 610 Kal..Sept.
543 536 579 592 de
593 534 671 591 Iulia
694 539 815 592 mortua
839 551 899 592 non
915 535 1049 609 potuerit
1072 527 1214 608 cogitare.
1249 527 1282 592 Si
1298 536 1376 593 enim

200 643 252 700 illa
273 643 369 701 verba
392 640 440 719 (ΠΙ
456 640 546 719 1,17)
571 642 608 699 de
632 641 727 699 Iuliae
758 644 855 699 morte
878 642 994 716 scripta
1024 644 1105 709 sunt,
1131 641 1209 699 Iulia
1232 660 1259 700 a.
1281 642 1308 700 d.
1328 642 1377 701 XI.

199 749 266 807 Kal
292 748 373 823 Sept.
397 751 519 806 mortua
549 749 610 805 iam
632 748 692 805 ruit
723 751 754 805 et
784 750 910 805 mortem
941 749 1019 806 obiit
1049 740 1208 824 aliquanto
1223 740 1377 824 ¹temporis

201 858 282 925 ante,
316 874 384 914 cum
407 858 503 913 verba
533 856 603 931 ipsa
634 858 699 913 tam
729 857 863 913 obscura
893 855 963 924 sint
996 858 1032 913 ut
1054 873 1073 912 a
1095 855 1197 912 Marco
1221 856 1377 929 superiore

201 963 333 1040 quadam
357 963 491 1038 epistula
505 963 614 1021 fratem
630 963 667 1020 de
691 979 729 1020 ea
750 980 783 1019 re
803 962 960 1019 certiorem
975 962 1091 1020 factum
1108 980 1176 1020 esse
1193 956 1377 1020 censendum

201 1071 249 1130 sit
296 1070 349 1127 Ille
369 1069 466 1144 'igitur
489 1070 626 1137 nuntius,
657 1087 724 1127 cum
748 1072 833 1127 esset
855 1069 1066 1143 gravissimus,
1091 1070 1187 1127 multo
1211 1071 1377 1145 antequam

201 1178 353 1235 Caesare
377 1177 536 1235 Britannia
562 1179 774 1244 reverteretur,
806 1176 929 1251 perferri
960 1178 991 1233 et
1022 1178 1145 1250 poterat
1176 1178 1207 1233 et
1237 1177 1375 1234 debebat,

202 1286 288 1342 Duae
310 1284 402 1358 igitur
425 1286 544 1341 restant
567 1284 649 1340 viae:
682 1286 736 1340 aut
760 1283 861 1340 Cicero
889 1282 949 1341 illis
973 1283 1074 1341 verbis
1105 1300 1165 1340 nou
1190 1283 1377 1356 significavit

202 1391 296 1449 Iuliae
320 1393 452 1458 mortem,
480 1393 535 1448 aut
550 1390 733 1447 Plutarchus
758 1390 871 1447 erravit
893 1390 1067 1464 falsumque
1090 1393 1212 1466 tempus
1235 1383 1376 1465 prodidit.

293 1498 460 1555 Ciceronem
477 1499 580 1554 autem
596 1515 658 1554 non
673 1497 734 1555 nisi
750 1497 787 1554 de
800 1496 895 1554 Iuliae
911 1499 1016 1563 morte,
1035 1514 1102 1554 cum
1118 1498 1213 1555 verba
1229 1496 1313 1574 (llll,
1325 1497 1376 1574 17)

203 1604 360 1672 scribebat,
394 1603 548 1678 cogitasse
579 1622 659 1662 nunc
683 1603 891 1662 demonstrare
915 1593 1056 1661 conabor.
1102 1606 1146 1661 Ae
1170 1604 1299 1678 primum
1323 1622 1376 1661 ex·

200 1710 312 1784 plorari
335 1728 397 1768 non
420 1713 532 1786 potest,
560 1711 612 1786 qui
635 1710 714 1768 alius
739 1711 881 1768 Caesaris
906 1728 998 1768 casus
1021 1710 1121 1778 luerit,
1154 1728 1215 1786 quo
1240 1711 1376 1768 Ciceroni

199 1834 330 1890 magnus
354 1819 440 1876 dolor
463 1818 638 1875 adferretur.

289 1925 402 1983 Deinde
420 1924 543 1983 Caesari
558 1924 609 1982 ille
627 1943 719 1983 casus
735 1925 938 1999 gravissimus
954 1926 1022 1995 init,
1044 1943 1111 1983 cum
1129 1925 1231 1983 Cicero
1248 1926 1375 1982 summis

200 2031 314 2089 doloris
338 2032 387 2089 sui
411 2032 509 2106 siguis
531 2034 650 2089 utatur:
683 2030 773 2089 Ome
794 2031 962 2090 sollicitam!
993 2030 1136 2107 Quantam
1158 2050 1206 2106 epo
1236 2032 1316 2090 delui
1345 2031 1377 2090 ta

200 2136 332 2196 Caesaris
354 2137 531 2198 amaseae
561 2138 682 2200 litteris!
727 2137 782 2196 Sed
801 2156 856 2214 quo
886 2142 968 2197 erere
997 2139 1150 2212 amotores,
1179 2156 1210 2197 ee
1240 2138 1377 2196 amimea

199 2244 277 2303 illius
299 2244 348 2303 tlte
371 2262 452 2303 casem
474 2244 628 2317 adferebat.
676 2246 850 2303 Indueimur
871 2246 972 2321 igitur,
1005 2248 1040 2303 ut
1063 2264 1131 2303 eum
1155 2263 1260 2304 revera
1282 2244 1376 2303 Iuliae

199 2355 326 2410 mortem
349 2353 397 2410 his
422 2353 615 2427 significasse
638 2356 789 2427 putemus,

288 2459 445 2517 Accedunt
468 2460 543 2517 haec
567 2460 721 2534 graviora:
745 2459 842 2517 Valde
858 2460 937 2518 enim
953 2460 1060 2518 mirum
1076 2464 1132 2527 est,
1159 2460 1241 2533 quod
1256 2459 1375 2517 litterae

199 2566 401 2635 Britannicae,
427 2570 592 2642 postquam
608 2568 724 2642 priores
748 2585 809 2625 uno
833 2568 883 2626 vel
899 2568 1021 2625 duobus
1037 2567 1145 2624 diebus
1167 2569 1238 2624 ante
1254 2567 1375 2624 Marcus

202 2674 325 2747 accepit,
358 2674 494 2731 redditae
522 2676 596 2731 sunt
619 2674 742 2731 alterae.
788 2675 875 2732 Dicet
898 2675 1051 2750 quispiam
1073 2674 1105 2731 in
1128 2674 1268 2747 Arpinati
1291 2673 1374 2731 Cice-

203 2798 303 2838 ronem
337 2782 507 2855 complures
541 2782 698 2857 accepisse
729 2772 849 2839 litteras
882 2782 1027 2840 brevibus
1063 2781 1173 2856 spatiis
1209 2780 1374 2837 interiectis

204 2886 308 2963 (1111).
354 2888 395 2944 At
418 2889 530 2963 quibus
554 2889 723 2947 intervallis
746 2889 861 2947 Romae
885 2890 1021 2946 redditae
1044 2889 1107 2946 sint
1129 2888 1200 2945 illae
1224 2887 1374 2961 epistulae

200 2993 274 3051 nihil
297 2998 428 3063 constat,
453 2998 489 3053 ut
503 2996 533 3052 id
550 2996 720 3069 argumenti
743 2996 805 3053 vim
820 3013 882 3053 non
897 2996 1018 3053 habeat.
1044 2994 1233 3070 Quapropter
1249 3011 1375 3051 causam

200 3101 392 3173 singularem.
407 3102 505 3161 fuisse
529 3106 614 3177 puto,
649 3104 730 3177 quod
755 3102 869 3161 Caesar
895 3103 1004 3160 iterum
1034 3101 1212 3159 tabellarios
1244 3102 1376 3158 mitteret

199 3208 284 3265 brevi
307 3209 408 3284 spatio
432 3210 621 3286 interposito.

289 3316 403 3373 Deinde
427 3316 534 3375 maiori
565 3317 759 3374 admirationi
790 3320 847 3384 est,
881 3317 963 3392 quod
993 3334 1055 3374 non
1086 3333 1166 3373 unus
1195 3315 1375 3373 tabellarius

199 3438 227 3479 a.
252 3423 279 3481 d.
302 3423 350 3480 Xl.
374 3422 441 3484 Kal.
466 3424 547 3498 Sept.
578 3424 671 3491 venit,
704 3410 757 3481 sed
789 3425 901 3500 plures,
934 3427 1014 3481 certe
1046 3424 1201 3481 minimum
1232 3423 1302 3480 duo.
1350 3423 1375 3478 A

200 3528 331 3586 Caesare
366 3530 452 3598 enim,
489 3548 557 3587 cum
592 3531 710 3589 litteras
745 3531 898 3599 mittebat,
932 3548 1049 3606 semper
1083 3548 1163 3588 unus
1195 3530 1374 3587 tabellarius

199 3636 321 3694 videtur
354 3637 467 3694 missus
504 3654 572 3695 esse
607 3655 704 3713 neque
739 3638 831 3695 aliam
866 3639 1116 3695 consuetudinem
1151 3655 1189 3695 ex
1222 3636 1374 3694 Ciceronis

200 3742 341 3817 epistulis
365 3745 587 3818 cognoscimus.
634 3744 740 3820 ltaque
764 3746 873 3802 iterum
897 3763 933 3803 eo
957 3745 1156 3820 perducimur,
1189 3746 1225 3801 ut
1247 3761 1374 3801 causam
1452 3756 1455 3763 ’

199 3850 394 3924 praecipuam
409 3853 474 3908 tum
490 3851 588 3911 fuisse
606 3869 796 3921 censeamus
821 3853 903 3926 quod
921 3851 1034 3909 Caesar
1053 3850 1190 3927 pluribus
1205 3850 1375 3909 tabellariis

199 3958 345 4014 uteretur.

289 4064 447 4122 Postremo
486 4065 516 4121 in
553 4065 708 4123 codicibus
753 4066 908 4140 scriptum.
938 4066 1090 4124 videmus:
1129 4064 1374 4123 tabellarii

200 4174 335 4229 veneant
355 4215 361 4228 .
379 4214 386 4228 .
403 4215 434 4228 ..
457 4170 589 4229 vicesimo
605 4171 657 4230 die.
692 4172 838 4248 Equidem
862 4175 936 4247 puto
961 4173 1151 4230 coniecturas
1167 4171 1371 4245 Wesenbergi

200 4277 253 4351 qui
286 4278 403 4351 septimo
437 4281 464 4335 et
494 4278 626 4336 cioecme
660 4278 705 4337 die
739 4279 787 4337 vel
822 4280 951 4353 Bergkii,
989 4280 1041 4354 qui
1075 4277 1217 4336 tricesimo
1247 4276 1276 4354 (p
1298 4275 1374 4352 622)
