3275 4959
673 388 896 445 ..11-

198 566 351 636 venimus;
376 565 707 639 ergo-eamdieeronis
732 566 832 642 ipsius
856 585 948 625 manu
972 584 1040 625 esse
1065 569 1197 636 constat,
1222 585 1373 642 quaeres

198 690 233 731 eo
257 674 463 741 confirmatur,
489 672 571 748 quod
588 672 702 741 016616,
728 691 796 731 cum
820 692 924 732 mense
940 674 1109 748 Septembri
1130 674 1162 731 in
1184 674 1266 733 villis
1290 678 1374 733 essct

197 780 298 856 ibique
321 780 447 856 primam
471 779 621 855 epistulae
644 782 760 855 partem
784 781 996 848 conscriberet,
1022 799 1119 856 neque
1136 782 1271 857 corporis
1287 781 1372 839 valc-

118 908 121 915 ⁴
196 887 301 944 tudine
325 888 380 945 aut
402 903 564 945 causarum
588 886 844 961 occupationibus
861 887 1024 962 impeditus
1049 891 1122 945 erat.
1163 888 1313 963 Sequitur,
1339 891 1375 945 ut

199 1013 277 1070 quae
301 997 374 1053 sunt
396 996 428 1053 in
452 1014 475 1053 c.
495 995 543 1053 19.
567 1012 635 1053 curn
658 995 757 1071 prima
779 995 914 1070 epistula
936 995 1057 1053 minime
1081 996 1272 1053 conveniant.

287 1102 509 1160 Gravissimum
533 1104 635 1160 autem
658 1102 716 1160 hoc
732 1103 852 1160 videtur
876 1120 944 1159 esse
968 1104 1193 1176 argumentum:
1222 1102 1373 1177 Scriptum

197 1208 276 1265 enim
300 1213 364 1267 est:
389 1206 460 1266 Oam
474 1208 547 1267 banc
561 1208 621 1267 iam
636 1208 785 1282 epistulam
801 1208 1006 1282 cmnplicarem
1029 1207 1194 1267 1616111111.
1211 1251 1217 1265 .
1235 1252 1242 1266 .
1259 1207 1293 1286 (c.
1312 1208 1373 1285 17).

198 1314 358 1389 Significat
380 1315 472 1389 igitur
495 1316 616 1373 Marcus
641 1316 848 1390 superioribus
880 1316 1042 1390 epistulam
1073 1316 1173 1390 ipsam
1203 1316 1373 1373 conlectam

80 1455 81 1463 ,
198 1421 257 1479 sibi
286 1422 386 1479 visam
418 1440 486 1479 esse
518 1439 616 1496 neque
647 1440 680 1479 se
712 1421 878 1497 quidquam
910 1423 1133 1498 adscripturum
1163 1422 1276 1490 luisse,
1313 1420 1374 1480 nisi

81 1575 84 1583 .
198 1527 347 1586 tabellarii
361 1528 527 1586 venissent.
557 1529 651 1604 Atqui
666 1529 697 1586 in
714 1529 866 1603 capitibus
883 1530 944 1597 20,
963 1529 1023 1598 21,
1042 1530 1094 1588 22.
1118 1547 1186 1587 cum
1209 1530 1246 1587 de
1270 1528 1373 1587 multis

199 1635 267 1693 aliis
291 1636 391 1703 rebuS,
415 1638 481 1693 tum
505 1634 542 1691 de
563 1635 753 1711 Hippodamo
777 1636 962 1709 gravissima
984 1637 1060 1694 haec
1083 1637 1199 1711 scripta
1220 1636 1373 1694 videmus:

199 1739 271 1799 (him
293 1740 418 1800 Romam
440 1758 476 1800 ea
497 1740 636 1815 Arpinati
657 1742 841 1816 restitissem,
865 1743 970 1801 dictam
993 1743 1065 1801 milti
1086 1748 1134 1826 est,
1156 1743 1375 1817 Hippodamum

199 1848 237 1907 ad
260 1851 285 1907 ta
302 1848 466 1922 profectam
488 1866 551 1907 essa.
597 1848 665 1907 Non
682 1868 801 1923 possam
823 1850 944 1909 sarbara
965 1868 1009 1908 nte
1030 1850 1166 1908 miratam
1195 1868 1259 1919 esse,
1292 1850 1374 1908 idam

199 1958 258 2013 mm
280 1955 469 2013 inhumaniter
490 1955 596 2030 facisse,
628 1959 659 2014 ni
687 1956 747 2015 sine
776 1957 846 2015 meis
877 1956 980 2015 littaris
1009 1957 1048 2016 ad
1077 1962 1103 2015 16
1127 1956 1375 2031 proficiscentem·

80 2063 83 2073 '
197 2061 270 2119 iliad
291 2061 381 2120 scribo
404 2062 476 2120 milri
497 2063 641 2122 molestam
663 2063 752 2136 fnisse
775 2108 939 2123 ......
963 2064 1092 2124 Minucio
1115 2082 1159 2122 me
1181 2068 1207 2122 61
1228 2063 1326 2123 Salvio
1348 2067 1375 2121 et

79 2175 85 2239 ᾖ
197 2166 326 2226 Labeoni
346 2171 531 2229 reservabam.
576 2169 671 2230 Labeo
694 2174 744 2229 ant
769 2171 851 2230 tarde
870 2170 1071 2245 metaneam
1096 2175 1147 2230 ant
1171 2172 1218 2231 116
1243 2171 1373 2229 amaeam

198 2274 399 2348 Hippodamas
421 2295 455 2335 ne
469 2296 537 2336 nnm
552 2276 620 2351 qnid
633 2278 734 2339 valam
749 2278 861 2352 qnidam
876 2279 997 2353 ropaait.
1035 2281 1171 2355 Apparet
1185 2280 1278 2353 igitur
1292 2278 1373 2336 Mar-

199 2400 266 2439 cum
289 2382 388 2458 ipsam
412 2384 574 2460 epistulam
597 2385 684 2454 1111,
718 2403 785 2443 cunr
809 2386 938 2461 primum
970 2404 1007 2444 ex
1037 2386 1176 2461 Arpinati
1206 2385 1372 2453 reverterit,

198 2490 399 2566 Hippodamo,
425 2493 476 2567 qui
492 2493 532 2549 ad
548 2492 707 2550 Gaesarem
724 2492 916 2567 proiecturus
934 2496 1007 2562 erat,
1026 2494 1098 2551 dare
1113 2493 1259 2550 voluisse.
1298 2492 1373 2561 Quis

197 2597 290 2672 igitur
313 2598 391 2656 hanc
415 2598 565 2673 epistulae
589 2603 706 2674 partem
729 2617 796 2657 cum
822 2600 919 2674 prima
935 2600 1108 2658 necessario
1133 2598 1373 2672 coniungendam

199 2722 267 2763 esse
290 2705 438 2779 negabit?
462 2705 560 2774 Quare
584 2706 685 2765 Cicero
709 2710 782 2782 post
797 2708 904 2765 verba:
927 2705 1028 2765 Adina
1049 2709 1112 2765 erat
1132 2706 1214 2764 vaide
1227 2705 1374 2778 incertam,

199 2814 225 2870 et
247 2812 357 2885 qnando
380 2811 496 2870 66611116
518 2815 544 2870 61
566 2812 616 2887 qni
638 2813 761 2872 concnns
784 2813 883 2886 fntari
905 2816 992 2871 meent
1024 2812 1129 2891 (6161
1161 2830 1282 2889 pergere
1313 2829 1374 2869 non

199 2921 334 2994 poterat:
359 2917 430 3003 Onm
451 2919 523 2978 itanc
545 2919 605 2978 iam
628 2919 776 2993 episinlam
800 2920 998 2994 complicarem
1022 2964 1087 2993 ...,
1118 2920 1171 2977 sed
1195 2920 1374 2995 priusquam

198 3026 400 3101 complicaret,
426 3027 529 3103 capita
546 3027 605 3096 20,
632 3026 692 3097 21,
719 3028 770 3085 22.
797 3027 938 3085 addenda
954 3030 1048 3085 erant
1082 3026 1187 3101 Neque
1203 3043 1279 3084 casu
1296 3042 1373 3101 quo-

199 3133 277 3201 dam,
303 3136 339 3190 ut
361 3134 523 3191 memoriae
538 3134 723 3203 infirmitate,
750 3134 921 3192 Ciceronem
938 3152 975 3192 ea
991 3134 1118 3209 primum
1134 3132 1374 3209 praetermisisse

200 3243 229 3297 et
260 3240 376 3309 deinde,
410 3259 477 3298 cum
508 3242 611 3311 Quinti
641 3244 671 3299 et
701 3241 843 3299 Caesaris
875 3241 1024 3315 epistulas
1047 3241 1125 3298 forte
1149 3259 1176 3298 a.
1193 3240 1219 3298 d.
1235 3240 1283 3297 Xl.
1308 3239 1374 3296 Kal.

200 3348 281 3421 Sept.
305 3348 483 3423 accepisset,
509 3348 699 3406 recordatum
725 3366 793 3406 esse
819 3348 882 3405 veri
906 3348 1004 3405 simile
1029 3351 1084 3406 est.
1122 3348 1197 3404 Eum
1213 3347 1291 3405 enim
1307 3346 1374 3422 lap·

201 3470 268 3510 sum
291 3458 408 3530 postea,
435 3472 502 3512 cum
526 3456 719 3523 adscriberet,
743 3456 853 3530 paucis
870 3454 980 3512 saltem
995 3455 1097 3513 verbis
1114 3472 1182 3512 eum
1198 3456 1375 3512 notatarum

200 3560 297 3619 tuisse
321 3566 542 3637 exspectamus,
566 3563 696 3621 utlecit
718 3562 795 3630 1112,
816 3563 851 3620 3;
882 3560 995 3635 Appias
1017 3561 1077 3619 sine
1099 3560 1155 3635 lepe
1178 3560 1289 3618 mriuta
1312 3576 1375 3617 con·

200 3666 298 3737 rinnai
319 3686 348 3727 se
369 3668 489 3727 Lantnlo
512 3672 608 3727 nostro
630 3686 841 3741 sarcasmum·
871 3668 920 3742 qni
949 3668 1059 3741 quidem
1088 3666 1227 3737 mirificas
1249 3665 1375 3737 1116116,

199 3774 295 3848 qnod
320 3793 441 3848 paene
464 3774 664 3849 praeterii
693 3774 752 3847 fnit
782 3775 813 3834 in
846 3774 1009 3833 Gabiniam.
1058 3775 1140 3832 Nihil
1170 3775 1263 3848 igitur
1292 3773 1374 3831 aliud

75 3935 78 3952 ,
198 3882 303 3949 restat,
336 3882 396 3940 nisi
420 3886 454 3941 ut
476 3885 582 3941 verba:
629 3880 704 3942 Onm
726 3881 799 3939 imno
821 3881 882 3940 iam
908 3881 1058 3954 matulam
1085 3881 1281 3953 omnpliaaran
1304 3923 1311 3937 .
1336 3924 1342 3937 .
1368 3924 1374 3935 .

75 4008 76 4013 ¹
196 4003 259 4045 non
282 3988 322 4045 ad
345 3990 512 4065 superiora,
540 3990 594 4047 scd
617 3990 656 4047 ad
680 3988 772 4047 aliam
797 3989 968 4063 epistulam,
994 4006 1031 4046 ex
1048 4006 1110 4063 qua
1126 3989 1287 4062 desumpta
1302 3986 1372 4053 sint,

148 4103 149 4106 ’
197 4094 300 4153 1616111
323 4096 502 4156 iudicemus.

286 4202 446 4262 Postremo
469 4205 506 4261 ut
528 4203 680 4261 sententia
702 4206 812 4261 nostra
836 4204 991 4277 probetur,
1025 4201 1151 4259 aiteram
1175 4201 1258 4258 haec.
1304 4199 1375 4256 Pro·

64 4287 78 4349 i·
196 4308 321 4367 ficiscor
344 4326 364 4366 a
385 4310 504 4369 verbis:
536 4308 608 4368 Onm
638 4309 813 4383 scripsissem
843 4310 911 4367 baec
932 4307 1041 4381 infima,
1169 4306 1244 4365 661111
1265 4305 1304 4364 ad
1323 4322 1375 4363 nos

251 4397 366 4473 Kapelle.
1180 4407 1198 4461 2
