3275 4959
704 433 923 491 ..45-

222 628 295 690 eccas
317 613 355 672 od
378 611 525 672 Gaesarem
547 614 598 670 ccct
620 612 658 671 od
672 607 797 671 Balbum
819 611 911 685 mitto,
935 610 1060 686 kqidmc
1081 613 1122 669 cst
1135 609 1271 686 quaedam
1285 609 1405 668 accessio

226 718 475 778 commendationis
497 715 561 778 tuce
584 718 618 797 (c.
639 719 675 796 1).
722 720 852 790 Quintus
876 719 962 786 enim,
989 735 1050 794 quo
1073 720 1208 793 tempore
1231 735 1269 775 ea
1291 717 1407 791 scripta

224 830 302 885 sunt
325 845 344 883 a
366 827 478 895 Marco,
504 827 638 884 nondum
661 826 783 885 videtur
802 827 900 884 Roma
922 826 1077 901 proiectus
1093 842 1171 895 esse,
1197 824 1270 900 quia
1284 823 1406 882 Marcus

223 934 318 991 etiam
335 934 438 992 fratris
455 934 746 992 commendationem
762 935 998 990 memoraturum
1013 931 1112 990 tuisse
1127 933 1226 1009 credo,
1248 934 1282 990 ut
1297 932 1407 1007 postea

223 1040 314 1099 tecit:
338 1040 463 1099 Multam
484 1039 552 1098 lein
567 1056 598 1098 eo
613 1039 708 1112 frater
721 1034 868 1098 mutuabit
884 1054 970 1112 mcccc,
985 1038 1104 1097 muttum
1118 1038 1227 1099 Battus
1242 1039 1304 1117 (Vll
1321 1039 1350 1108 7,
1366 1034 1406 1116 2).

224 1148 322 1223 Atqui
346 1149 487 1219 Quintum
519 1147 599 1205 eirea
622 1147 692 1205 ldus
721 1147 840 1223 Apriles
863 1147 963 1205 Roma
992 1146 1175 1205 discessisse
1202 1145 1406 1204 conclusimus

230 1253 267 1331 (p.
285 1255 331 1333 7);
370 1273 439 1330 ergo
479 1272 545 1313 eam
577 1254 739 1330 epistulam
770 1254 864 1329 paulo
888 1256 960 1311 ante
983 1254 1002 1311 i.
1019 1272 1043 1314 e.
1066 1254 1162 1328 primo
1186 1270 1289 1311 mense
1312 1252 1408 1327 Aprili

226 1362 335 1421 datam
366 1380 434 1421 esse
466 1362 602 1437 equidem
628 1377 745 1419 censen.
793 1360 869 1418 Tum
892 1361 985 1434 igitur
1008 1361 1169 1419 Trebatius
1192 1360 1254 1418 iam
1278 1360 1406 1428 abierat,

225 1470 260 1527 id
286 1460 374 1544 ¹quod
406 1468 538 1544 epistula
571 1484 649 1543 quae
673 1470 721 1525 est
745 1469 798 1539 Qu.
822 1468 857 1525 ir.
881 1468 906 1525 ll
927 1468 975 1527 13.
1003 1468 1216 1536 confirmatur,
1250 1485 1312 1542 qua
1339 1483 1408 1525 eum

230 1576 419 1651 aliquantum
458 1576 604 1649 temporis
643 1576 723 1649 apud
759 1575 918 1633 Gaesarem
951 1575 1049 1634 fuisse
1084 1575 1294 1649 cognoscitur,
1340 1590 1408 1633 cum

225 1682 358 1753 Quintus
386 1683 511 1745 veniret.
555 1682 624 1741 Non
654 1683 743 1741 credo
772 1683 947 1740 Trebatium
978 1683 1078 1741 solum
1108 1681 1165 1740 iter
1193 1681 1320 1751 fecisse,
1354 1681 1408 1739 sed

228 1800 292 1847 una
308 1806 375 1846 cum
387 1789 493 1859 Balbo,
512 1790 565 1866 qui
582 1790 770 1848 adulescenti
786 1791 917 1848 maxime
931 1790 1058 1849 favebat
1070 1789 1150 1867 (iam.
1166 1788 1310 1859 v115,2;
1327 1790 1356 1857 7,
1371 1787 1408 1864 1).

319 1895 488 1954 Coniuncta
518 1899 567 1955 est
597 1915 666 1956 cum
695 1898 743 1955 his
776 1898 874 1956 altera
904 1897 940 1955 de
968 1898 1119 1974 epistulae
1141 1896 1195 1953 Vll
1212 1896 1239 1955 5.
1263 1896 1408 1971 temporis

226 2004 347 2061 ratione
382 2004 532 2079 quaestio.
589 2004 679 2063 Patet
713 2005 792 2062 enim
827 2023 893 2063 eam
929 2004 1093 2083 epistulam
1127 2003 1409 2062 commendaticiam

227 2111 405 2168 Trebatium
428 2128 532 2169 secum
554 2113 696 2187 portasse
712 2112 751 2169 ad
768 2112 936 2171 Gaesarem.
976 2112 1075 2182 Quare
1090 2112 1160 2187 ipsa
1176 2128 1297 2187 quoque
1312 2110 1408 2184 primo

230 2235 335 2276 mense
359 2218 454 2293 Aprili
477 2219 598 2277 videtur
620 2219 735 2294 scripta
758 2237 836 2278 esse.

574 2499 618 2579 B.
644 2499 702 2580 De
732 2499 916 2597 epistula
943 2499 1072 2579 vl18.

320 2644 359 2701 Ut
382 2643 529 2719 temporis
558 2643 707 2701 rationem
735 2644 885 2719 epistulae
908 2643 962 2701 Vll
977 2643 1006 2703 8.
1030 2645 1201 2702 statuerent
1224 2644 1358 2701 Koemer
1380 2646 1411 2701 et

230 2751 394 2809 Rauscben
417 2750 535 2809 verbis:
559 2749 623 2824 Epo
645 2754 753 2809 cestros
768 2750 958 2809 Britannicae
980 2745 1090 2809 litteras
1111 2753 1239 2824 suspecto
1255 2749 1289 2827 (c.
1306 2749 1336 2827 2)
1360 2750 1410 2808 usi

230 2859 313 2915 sunt.
354 2858 613 2932 Comparaverunt
635 2857 713 2915 enim
737 2876 782 2925 ea,
809 2876 889 2933 quae
905 2858 1025 2915 Marcus
1048 2859 1178 2915 exeunte
1199 2874 1300 2915 mense
1316 2857 1409 2927 Quin·

228 2963 277 3021 tili
301 2963 340 3021 ad
363 2964 498 3021 Atticum
521 2964 659 3039 scripsit:
683 2964 735 3021 Ec
758 2963 859 3040 Quieti
879 2963 985 3036 fratris
1007 2963 1110 3022 litteras
1128 2963 1258 3037 suspicor
1270 2963 1334 3023 iem
1348 2980 1412 3021 cum
1529 2984 1532 2989 ·

227 3086 288 3129 esec
306 3069 337 3128 c'e
353 3069 520 3129 Britannia.
558 3068 695 3147 Suspenso
710 3071 806 3130 ocimo
821 3075 958 3147 amsperto,
969 3070 1036 3146 occid
1046 3073 1114 3145 apat
1126 3069 1175 3148 (lV
1195 3070 1245 3139 15,
1257 3069 1316 3149 10).
1343 3070 1408 3138 His,

228 3190 311 3253 quae
334 3178 477 3235 videntur
499 3178 612 3236 similia
634 3196 712 3241 esse,
739 3179 889 3237 conclusit
909 3178 1043 3237 Koemer
1058 3176 1096 3255 (p.
1112 3177 1166 3254 42)
1190 3159 1310 3235 Trebati
1326 3177 1410 3234 illam

230 3284 396 3359 epistulam
425 3287 554 3342 exeunte
584 3302 687 3343 mense
711 3280 853 3355 Quintili,
885 3285 1049 3343 Rauscben
1079 3302 1152 3342 vero
1183 3284 1278 3359 primo
1303 3283 1411 3343 Sextili

228 3392 336 3448 datam
361 3408 429 3448 esse
454 3388 492 3467 (p.
510 3389 571 3467 56).
609 3391 695 3449 Hane
711 3394 814 3449 autem
831 3391 1123 3466 argumentationem
1139 3391 1326 3448 levissimam
1342 3407 1411 3448 esse

228 3496 321 3554 facile
347 3486 538 3571 intellegitur.
593 3498 653 3555 Res
676 3498 754 3556 enim
786 3499 826 3555 ad
853 3498 963 3556 bellum
991 3497 1195 3555 Britannicum
1226 3498 1412 3572 pertinentes

232 3603 264 3660 in
288 3596 429 3661 omnibus
452 3603 515 3662 tere
538 3604 693 3679 epistulis,
718 3622 798 3679 quas
821 3604 942 3662 Marcus
967 3606 1088 3678 posta.
1111 3604 1139 3661 d.
1163 3604 1210 3662 lII.
1234 3604 1310 3661 Non.
1334 3603 1408 3673 lun,

186 3723 189 3730 ’
230 3727 294 3785 quo
318 3709 423 3767 fratris
447 3710 529 3785 apud
547 3710 706 3768 Caesarem
730 3711 893 3769 adventum
914 3710 1067 3785 cognovit,
1093 3713 1124 3768 et
1139 3710 1258 3785 accepit
1272 3714 1303 3767 et
1319 3711 1410 3778 dedit,

233 3815 363 3874 infuisse
393 3817 458 3873 veri
486 3816 583 3874 simile
611 3819 666 3875 est.
711 3817 818 3893 Itaque
841 3818 961 3875 Marcus
985 3820 1016 3875 et
1037 3833 1136 3875 rerum
1160 3820 1191 3875 et
1213 3818 1412 3891 epistularum

229 3922 476 3981 Britannicarum
500 3924 727 3998 exspectatione
751 3942 804 3998 per
827 3927 911 3982 totos
935 3940 1056 3982 menses
1079 3927 1111 3981 et
1131 3924 1249 3981 lunium
1272 3926 1303 3981 et
1318 3923 1413 3993 Quin·

229 4020 316 4087 tilem
348 4031 378 4088 et
411 4030 571 4098 Sextilem,
608 4030 679 4087 dum
717 4030 832 4105 primae
864 4049 901 4088 ex
933 4030 986 4087 illa
1014 4031 1135 4105 regione
1166 4031 1302 4106 perlatae
1340 4029 1414 4086 sunt

231 4135 353 4193 litterae
376 4155 403 4195 a.
421 4137 448 4194 d.
465 4136 514 4194 Xl.
535 4136 601 4195 Kal.
626 4136 716 4211 Septa,
744 4140 913 4212 occupatus
935 4137 1033 4195 luisse
1055 4137 1191 4205 videtur3
1215 4136 1311 4211 primo
1335 4135 1414 4193 enim

233 4260 338 4301 mense
360 4243 457 4319 Aprili
486 4244 548 4301 iam
575 4243 606 4301 in
629 4243 750 4301 Trebati
766 4243 909 4317 >epistula
930 4244 985 4300 Vll
1002 4243 1030 4301 6.
1054 4244 1091 4301 de
1115 4244 1206 4300 rebus
1230 4240 1415 4301 Britannicis

229 4348 357 4408 iocatus
388 4351 437 4409 est
464 4347 500 4426 (c.
518 4348 557 4427 2).
602 4350 687 4408 Unde
717 4350 827 4409 verba:
858 4349 922 4425 Epo
949 4353 1058 4407 cestros
1088 4348 1277 4408 Britannicae
1300 4347 1418 4412 ,litteras

1200 4451 1234 4503 4*
