3275 4959
677 352 901 429 „35-

200 550 264 605 tuas
294 546 401 605 litteras
433 546 468 623 (c.
488 546 523 623 1).
569 547 732 605 Intervallo
763 548 816 606 illo
849 548 1072 624 quinquaginta
1103 548 1234 623 amplius
1265 549 1380 606 dierum

201 654 258 711 viri
282 654 372 721 docti,
399 672 466 711 cunr
490 654 634 729 temporis
650 655 799 712 rationem
815 658 1086 729 perscrutarentur,
1111 656 1242 713 maxime
1263 655 1381 730 decepti

201 762 289 829 sunt;
322 760 485 836 epistulam
509 762 587 820 onim
606 762 684 819 banc
707 780 734 820 a.
751 762 778 821 d.
795 762 854 819 XII.
870 762 937 820 Kal.
955 762 1017 820 Oct.
1042 763 1145 819 datam
1169 781 1238 821 esse
1262 765 1293 819 et
1314 764 1380 819 tum

204 868 489 942 quinquagesimum
512 869 612 943 ipsum
637 869 714 926 diem
738 868 835 926 luisse
850 868 1019 926 litterarum
1035 869 1269 927 intermissionis
1286 871 1379 944 puta-

201 978 319 1041 verunt,
337 992 405 1032 cum
422 975 534 1032 Caesar
549 978 733 1050 postremam
750 976 912 1050 epistulam
929 975 995 1033 Kal.
1009 976 1090 1050 Sept.
1107 975 1171 1052 (Qu.
1184 977 1219 1035 ir.
1231 977 1271 1034 lIl
1287 978 1313 1044 l,
1326 975 1380 1052 25)

203 1100 219 1138 e
249 1082 407 1139 Britannia
438 1080 610 1154 misissem).
658 1083 717 1140 Sed
742 1084 820 1140 hanc
851 1083 1033 1141 sententiam
1064 1082 1176 1141 falsam
1208 1102 1277 1142 esse
1300 1101 1380 1142 nuuc

201 1188 382 1248 videbimus,

289 1296 390 1371 Atque
423 1314 527 1355 omnes
556 1297 598 1353 illi
622 1297 694 1362 viri,
721 1296 884 1372 epistulam
907 1297 992 1355 1112.
1017 1296 1222 1371 pervestigare
1245 1275 1388 1372 praeter-v

201 1404 355 1461 miserunt.
401 1404 446 1460 Ea
469 1404 548 1461 enim
571 1404 705 1461 Marcum
729 1404 822 1480 paulo
846 1406 917 1462 ante
939 1422 1009 1462 eum
1032 1404 1124 1471 diem,
1151 1404 1203 1478 qui
1226 1404 1285 1461 fuit
1308 1422 1335 1461 a.
1353 1403 1379 1461 d.

202 1509 236 1567 V.
260 1510 302 1569 ld.
327 1510 404 1573 oet..
437 1509 555 1569 litteras
586 1530 606 1569 a
635 1512 728 1569 fratre
760 1512 916 1585 accepisse
947 1510 1062 1569 elucere
1093 1513 1168 1585 puto
1200 1510 1247 1567 his
1280 1510 1380 1568 verbis

202 1616 304 1675 nisus:
327 1615 363 1674 A.
387 1617 414 1675 d.
443 1616 491 1675 VI.
511 1616 556 1676 Id.
582 1616 641 1675 Oct.
665 1616 780 1677 Salvius
804 1616 914 1677 Ostiam
935 1616 1045 1691 vesperi
1065 1617 1135 1675 navi
1151 1618 1299 1690 profectus
1321 1620 1383 1674 erat

200 1739 264 1780 cam
291 1723 329 1782 iis
351 1724 447 1797 rebat,
477 1742 546 1801 qaas
568 1724 622 1783 tabi
644 1725 725 1783 dorae
748 1724 827 1783 mitti
847 1725 977 1783 volueras
1000 1723 1035 1801 (c.
1054 1723 1091 1801 1).
1138 1723 1267 1794 Quintus
1290 1724 1382 1797 igitur

200 1848 249 1887 res
273 1831 362 1889 domo
386 1833 549 1890 mittendas
573 1852 592 1890 a
615 1833 707 1890 fratre
731 1833 897 1908 petiverat,
923 1850 1015 1908 quae,
1042 1847 1110 1889 cum
1133 1848 1236 1888 mense
1260 1830 1381 1888 Octobri

203 1937 399 2007 mitterentur,
425 1940 464 1997 ad
487 1957 578 1997 usum
602 1940 758 1998 hibernum
774 1940 861 1997 iratri
876 1940 980 1998 nescio
997 1956 1036 1996 an
1052 1938 1246 1996 necessariae
1261 1937 1380 1996 fuerint

201 2044 347 2114 Quaestio
371 2049 427 2114 est,
453 2048 575 2122 quando
591 2047 711 2105 Marcus
736 2048 773 2104 de
796 2046 844 2104 his
867 2048 958 2105 rebus
978 2046 1134 2104 mittendis
1151 2044 1259 2102 certior
1273 2043 1377 2101 factus

200 2152 250 2209 sit.
290 2154 431 2223 Quintum
455 2154 542 2223 enim,
568 2172 636 2211 cum
659 2154 755 2228 primo
779 2171 859 2211 anno
884 2154 924 2211 ad
940 2154 1099 2211 Gaesarem
1124 2150 1376 2226 proficisceretur,

201 2258 238 2316 de
254 2260 299 2319 iis
323 2262 518 2319 mandavisse
540 2261 627 2318 fratri
650 2264 810 2335 propterea
833 2262 886 2318 vix
910 2261 1088 2319 credendum
1105 2262 1161 2327 est,
1188 2258 1269 2333 quia,
1295 2258 1376 2331 apud

201 2365 361 2424 Gaesarem
391 2385 462 2425 num
494 2385 656 2425 mansurus
688 2371 787 2435 esset,
820 2371 885 2425 tum
915 2368 1072 2426 nesciebat
1099 2365 1163 2442 (Qu.
1180 2364 1217 2425 fr.
1235 2365 1260 2422 ll
1282 2364 1369 2431 14,2

199 2472 240 2529 Ill
260 2473 340 2551 1,9).
386 2476 454 2545 Qua
484 2475 519 2531 de
551 2492 648 2532 causa
678 2477 805 2549 apparet
832 2475 966 2531 Marcum
999 2475 1108 2548 paulo,
1141 2482 1305 2554 antequam
1329 2497 1378 2537 res

201 2582 334 2639 mitteret
349 2582 417 2639 ad.
430 2582 476 2639 Vl.
488 2582 530 2639 ld.
545 2581 616 2649 Oct,
635 2582 791 2639 certiorem
800 2582 916 2639 iactum
928 2600 998 2639 esse
1008 2582 1118 2641 litteris
1131 2602 1151 2641 a
1162 2585 1274 2655 Quinto
1285 2586 1377 2643 datis.

290 2688 376 2745 Dicet
406 2688 454 2745 hic
477 2688 589 2763 aliquis
613 2689 759 2745 mandata
781 2690 916 2745 tortasse
939 2689 971 2744 in
994 2689 1103 2747 litteris
1127 2692 1273 2760 infuisse,
1301 2710 1381 2767 quas

200 2793 322 2852 Marcus
355 2796 385 2852 in
417 2795 555 2869 Arpinati
587 2814 606 2852 a
636 2795 729 2853 fratre
761 2796 885 2869 accepit.
931 2796 971 2852 At
1002 2796 1105 2855 Cicero
1137 2799 1174 2854 ad
1207 2816 1272 2867 res,
1303 2816 1382 2874 quae

202 2901 323 2976 quidem
355 2919 465 2974 graves
498 2903 594 2960 fuisse
619 2902 793 2969 videantur,
828 2919 932 2959 omnes
956 2902 986 2959 in
1010 2901 1118 2960 litteris
1142 2905 1245 2974 Quinti
1267 2923 1381 2963 memo-

202 3012 288 3065 ratas
312 3012 454 3066 accurate
478 3009 617 3067 rescribit
641 3007 691 3085 (Ill
711 3007 886 3086 1,8-15),
919 3026 1017 3083 neque
1041 3010 1206 3085 quidquam
1229 3012 1266 3069 de
1290 3014 1381 3069 rebus

202 3115 358 3173 mittendis
382 3116 413 3172 in
437 3134 474 3173 ea
497 3116 630 3190 epistula
653 3116 745 3183 inest,
772 3133 958 3190 quamquam
982 3116 1018 3172 de
1040 3116 1080 3173 iis
1104 3118 1266 3175 rescribere
1289 3136 1382 3191 grave

203 3222 301 3279 fuisse
332 3225 414 3296 puto.
460 3223 560 3297 Atque
583 3222 736 3301 Marcum,
768 3222 795 3279 si
826 3223 924 3281 medio
954 3241 1056 3280 mense
1080 3224 1248 3298 Septembri
1277 3225 1381 3282 fratris

205 3329 351 3387 mandata
373 3329 577 3403 cognovisset,
603 3347 656 3386 cur
676 3347 724 3386 res
741 3332 813 3404 post
828 3332 948 3386 tantum
964 3330 1083 3387 demum
1100 3332 1233 3405 spatium
1249 3332 1383 3389 mitteret

204 3454 230 3493 a.
248 3437 275 3493 d.
291 3437 338 3494 Vl.
354 3438 394 3495 ld.
412 3438 483 3506 Oct,
509 3437 596 3494 fratri
620 3454 652 3493 se
677 3440 894 3495 excusaturum
917 3437 1015 3494 fuisse
1031 3438 1166 3517 epistula
1189 3439 1218 3495 2.
1241 3439 1305 3495 iure
1330 3456 1383 3495 ox·

204 3547 389 3617 spectamus
435 3545 528 3619 Atqui
556 3544 707 3601 derebus
732 3561 799 3601 sero
824 3544 927 3601 missis
951 3540 1072 3601 Marcus
1096 3562 1130 3601 se
1153 3562 1214 3602 non
1239 3547 1382 3614 excusat3

204 3666 275 3724 ergo
300 3669 353 3709 eas
378 3651 482 3709 statim
506 3651 627 3708 misisse
650 3651 779 3715 videtur,
805 3653 969 3725 postquam
992 3650 1096 3707 fratris
1112 3651 1259 3709 mandata
1273 3650 1382 3709 litteris

205 3758 361 3832 comperit.

293 3865 337 3921 Ac
360 3883 397 3922 ne
421 3865 490 3939 quis
515 3865 597 3921 dicat
619 3864 686 3921 fieri
708 3863 862 3939 potuisse,
892 3866 927 3920 ut
950 3863 1091 3921 Caesaris
1114 3864 1222 3921 litteris
1246 3882 1273 3923 a.
1290 3866 1317 3921 d.
1334 3864 1382 3923 IV.

203 3970 269 4027 Kal.
295 3972 357 4029 Oct.
381 3971 506 4029 redditis
530 3973 734 4045 cognosceret.
768 3970 911 4040 Quintum
934 3970 971 4028 de
994 3970 1042 4028 his
1068 3971 1189 4028 omnino
1211 3972 1380 4045 ignorasse,

197 4077 248 4134 vita
264 4082 299 4137 ut
311 4079 435 4137 Caesari
447 4078 593 4137 mandata
605 4077 789 4136 committere
802 4094 863 4135 non
875 4078 991 4151 posset,
1005 4076 1100 4136 Marci
1112 4078 1212 4135 verbis
1226 4075 1276 4153 llll
1291 4077 1317 4145 l,
1329 4076 1381 4154 25)

204 4185 343 4244 efficitur.

294 4324 314 4391 ¹)
335 4324 434 4392 Bergk,
448 4340 474 4393 p.
493 4322 561 4389 625;
579 4322 713 4387 Koerner,
732 4338 759 4392 p.
773 4321 823 4388 55;
851 4319 1012 4390 Sternkopf,
1032 4319 1146 4373 Hermes
1165 4317 1271 4384 1905,1
1291 4335 1318 4389 p.
1337 4319 1381 4374 37.
