3275 4959
662 359 886 416 ,21-

179 556 248 597 sero
280 538 308 596 ei
332 538 480 595 redditam
504 556 588 607 esse,
621 554 689 594 cum
713 540 869 612 postrema
891 537 1026 612 epistula
1049 536 1167 594 Gallica
1180 536 1285 594 missa
1306 536 1362 594 illa

178 646 270 719 longa
293 645 462 703 litterarum
477 645 662 703 intermissio
680 646 771 712 esset,
796 645 833 701 de
850 662 912 719 qua
927 644 1006 701 infra
1021 643 1111 720 plura
1131 660 1360 718 cognoscemus,

178 751 278 810 Facile
302 753 380 809 euim
404 751 471 809 fieri
494 754 622 827 poterat,
648 754 684 809 ut
707 750 745 809 M.
763 751 863 809 0rfius
888 768 990 826 eques,
1016 751 1160 826 quoniam
1176 749 1272 807 multo
1289 753 1362 825 post

180 859 323 929 Quintum
355 876 393 915 ex
414 858 503 917 ltalia
533 859 672 916 inferiore
703 858 859 932 profectus
884 860 933 915 est
956 856 1003 935 (ci.
1020 876 1048 932 p.
1066 857 1106 935 8),
1132 858 1274 927 Quintum
1298 875 1360 915 non

180 969 250 1024 ante
274 966 456 1034 conveniret,
483 984 574 1040 quam
598 966 696 1023 omnis
720 984 740 1023 a
755 965 886 1023 Caesare
910 965 1061 1023 exercitus
1084 966 1115 1022 in
1135 967 1256 1039 portum
1271 964 1360 1022 Itium

182 1075 306 1131 coactus
330 1076 387 1142 est,
420 1073 486 1130 sive
510 1073 592 1147 quod
615 1072 746 1142 Quintus
771 1090 839 1129 cum
863 1072 993 1130 Caesare
1016 1072 1047 1128 in
1069 1072 1147 1128 iines
1163 1071 1360 1128 Treverorum

180 1180 298 1237 abierat
321 1177 398 1256 (bell.
415 1196 442 1251 g.
458 1179 493 1237 V.
512 1178 556 1256 2),
591 1180 655 1237 sive
679 1179 762 1255 quod
785 1180 852 1254 ipse
880 1182 911 1236 et
933 1178 972 1236 M.
997 1178 1096 1235 Criius
1120 1178 1203 1252 apud
1225 1164 1360 1251 legiones

181 1288 272 1362 longo
295 1286 396 1361 spatio
421 1286 498 1344 inter
522 1303 555 1345 se
579 1286 748 1344 disiunctas
771 1286 903 1344 fuerunt.
947 1286 1046 1361 Atque
1070 1303 1107 1342 ex
1129 1286 1178 1342 bis
1202 1284 1264 1342 alia
1287 1302 1360 1343 con-

181 1394 348 1453 cludemus

270 1501 355 1557 Nunc
383 1499 531 1558 disseram
555 1499 591 1557 de
615 1500 768 1575 capitibus
792 1517 871 1574 quae
895 1501 967 1557 sunt
990 1499 1031 1557 ΙΙΙ
1051 1498 1215 1567 1‚8.-11.
1261 1500 1362 1573 Atque

180 1606 217 1663 de
242 1606 343 1664 Curtio
374 1606 451 1663 haec
474 1607 589 1681 scripta
620 1610 708 1664 sunt:
745 1605 793 1664 De
820 1606 965 1664 tribunatu
987 1605 1061 1680 qnod
1082 1605 1200 1677 scribis,
1224 1621 1271 1680 epo
1295 1622 1361 1663 vcro

178 1712 348 1773 nominatim
357 1712 450 1786 petivi
466 1711 567 1772 Curtio
588 1712 701 1771 etmihi
722 1713 782 1786 ipse
798 1712 905 1772 Cacsar
925 1712 1094 1772 nominatim
1110 1711 1211 1771 Curtio
1221 1715 1362 1785 paratam

179 1837 235 1879 esse
264 1819 413 1893 rescripsit
441 1836 583 1893 meamque
613 1819 643 1877 iu
674 1819 800 1894 repando
827 1819 1024 1878 caecandiam
1047 1819 1214 1894 obiurgavit.
1260 1817 1294 1877 Si
1316 1818 1363 1877 cui

175 1929 326 2002 praetereo
342 1926 452 1999 petiero
474 1958 520 1969 -··
541 1925 573 1984 id
595 1926 668 2000 qood
690 1926 775 1984 aiant
792 1924 885 2000 Oppio
908 1926 980 1999 dibri,
1003 1930 1037 1985 ct
1055 1927 1094 1985 ad
1115 1926 1198 1985 illam
1219 1926 1360 1994 scriberet,

179 2064 224 2075 -
246 2033 333 2106 focile
349 2032 453 2107 potior
467 2033 539 2091 mibi
552 2032 660 2107 nepam,
683 2033 816 2108 qnoniam
831 2032 885 2107 illc]
908 2033 958 2108 qui
976 2033 1084 2092 molesti
1097 2037 1171 2105 sant,
1194 2033 1249 2093 soi
1262 2032 1363 2108 nepai-2·

179 2159 199 2198 a
228 2158 271 2199 mc
301 2157 357 2199 coa
384 2140 470 2213 focile
486 2140 649 2213 potiantur.
695 2140 758 2215 Epo
782 2138 914 2198 Curtium
936 2174 981 2182 —
1002 2139 1034 2198 id
1055 2140 1129 2215 qood
1150 2140 1210 2214 ipsi
1231 2130 1297 2198 dixi
1318 2172 1363 2181 —

179 2264 236 2305 noc
258 2246 341 2305 modo
364 2247 517 2325 rogatione,
539 2246 587 2305 sed
608 2246 694 2305 aiom
717 2246 875 2305 testimonio
899 2251 947 2305 too
969 2246 1066 2322 diligo,
1089 2247 1163 2322 qood
1185 2246 1287 2305 litteris
1306 2246 1364 2305 icis

180 2354 306 2413 sodium
335 2353 414 2412 illics
443 2354 474 2412 in
503 2354 622 2413 salutem
651 2357 778 2413 nostram
808 2353 895 2427 facile
918 2354 1056 2427 perspeci
1083 2354 1117 2433 (c.
1137 2354 1199 2432 10).
1245 2354 1362 2424 Quibus

179 2462 309 2536 primum
334 2460 485 2535 colligitur
508 2461 663 2536 superiore
688 2461 821 2536 quadam
845 2461 979 2536 epistula
993 2461 1128 2519 Marcum
1145 2462 1247 2519 Curtio
1262 2461 1360 2518 tribu-

181 2570 287 2625 natum
311 2586 331 2625 a
346 2568 475 2626 Caesare
499 2568 661 2642 petivisse;
686 2568 792 2626 deiude
816 2586 836 2624 a
852 2568 962 2638 Quinto
985 2568 1021 2625 de
1037 2586 1074 2625 ea
1088 2586 1120 2626 re
1136 2568 1262 2626 certiore
1277 2567 1362 2625 facto

182 2676 315 2732 Marcum
338 2675 533 2749 obiurgatum
555 2692 639 2744 esse;
663 2675 794 2746 Quintus
812 2675 891 2732 enim
906 2674 1046 2732 timuisse
1062 2676 1191 2740 videtur,
1215 2693 1253 2733 ne
1268 2675 1362 2731 irater

186 2782 306 2839 Caesari
334 2782 491 2840 molestias
516 2782 653 2851 ailerret3
682 2785 838 2857 postremo
862 2782 1023 2839 Caesarem
1047 2783 1149 2840 Curtio
1172 2783 1361 2840 tribunatum

184 2909 251 2949 esse
274 2893 414 2967 paratum
439 2891 478 2948 ad
493 2889 626 2948 Marcum
650 2891 855 2966 rescripsisse.
894 2891 938 2948 Ac
962 2893 1142 2965 quaerentes
1165 2907 1232 2958 uos,
1258 2906 1362 2964 aquo

182 2998 311 3067 Quintus
336 2999 373 3055 de
397 2998 480 3056 Curti
503 2998 661 3055 tribunatu
685 2998 794 3055 certior
808 2997 912 3055 factus
929 2998 978 3065 sit,
1005 2998 1174 3071 proximum
1191 2999 1239 3054 est
1254 2998 1362 3071 putare

181 3105 243 3164 illis
266 3106 344 3182 ipsis
367 3106 486 3174 litteris,
513 3124 591 3182 quas
607 3106 726 3164 Marcus
750 3107 838 3163 fratri
861 3109 933 3180 post
956 3124 983 3165 a.
1001 3107 1028 3164 d.
1044 3104 1091 3163 ΙΙΙ.
1107 3104 1182 3163 Non.
1199 3103 1263 3160 lun.
1279 3102 1364 3159 misit

182 3213 217 3295 (II
240 3212 303 3288 13l;
334 3214 365 3270 in
396 3213 445 3271 his
477 3214 555 3271 enim
587 3214 701 3289 scripta
732 3216 819 3271 sunt:
855 3212 898 3270 M.
932 3210 1032 3271 Curtio
1064 3211 1238 3269 tribunatum
1267 3209 1303 3267 ab
1332 3225 1364 3266 eo

181 3318 212 3396 [i.
230 3338 254 3377 e.
272 3338 291 3377 a
307 3317 448 3397 Caesare]
466 3320 560 3393 petivi
575 3364 687 3390 ......
720 3320 767 3379 seu
789 3320 820 3377 in
843 3319 963 3377 alterum
985 3337 1099 3378 annom.
1138 3315 1175 3375 Id
1197 3319 1224 3375 et
1245 3315 1365 3374 Curtios

179 3425 223 3484 iic
244 3426 353 3485 volebat
376 3426 411 3504 (c.
429 3427 467 3505 3).
513 3428 634 3486 Marcus
665 3428 757 3502 igitur
787 3426 916 3494 litteris,
950 3444 1029 3502 quas
1060 3428 1133 3501 post
1161 3424 1363 3482 Caesarianas

181 3552 209 3591 a.
227 3534 254 3592 d.
270 3534 317 3591 ΙΙΙ.
333 3532 410 3592 Non.
427 3534 490 3592 lun.
515 3538 659 3609 acceptas
684 3534 719 3612 (c.
740 3533 767 3611 1)
792 3534 891 3601 misit,
923 3534 1113 3591 tribunatum
1135 3531 1220 3589 illum
1244 3532 1284 3588 ab
1306 3530 1363 3587 im-

180 3644 320 3714 peratore
344 3642 495 3715 petiverat
518 3644 548 3699 et
571 3642 629 3700 hoo
651 3642 739 3699 fratri
762 3642 824 3698 illis
847 3641 949 3699 verbis
973 3639 1134 3697 nuntiavit.
1178 3639 1285 3713 ltaque
1300 3639 1364 3695 iure

182 3748 350 3806 conicimus
373 3747 458 3805 locos
482 3747 596 3807 allatos
620 3749 665 3805 ita
688 3748 766 3806 inter
789 3766 823 3805 se
847 3747 1020 3815 cohaerere,
1046 3749 1081 3804 ut
1104 3746 1208 3816 Quinti
1231 3743 1364 3820 epistula

183 3854 279 3913 altero
304 3853 353 3931 (llI
373 3855 399 3924 1,
418 3855 469 3931 10)
501 3857 669 3912 memorata
700 3854 738 3912 ad
762 3854 857 3911 Marci
888 3853 1051 3930 epistulam
1075 3853 1100 3910 Il
1129 3853 1176 3911 13.
1207 3852 1363 3909 referatur.

181 3961 241 4018 Vix
265 3962 343 4019 enim
367 3962 456 4020 credo
480 3962 623 4032 Quintum
647 3962 745 4037 ipsius
763 3961 904 4019 Caesaris
926 3961 962 4017 de
979 3961 1063 4018 Curti
1078 3960 1236 4018 tribunatu
1251 3958 1361 4025 verbis

183 4071 219 4125 ut
242 4068 366 4127 fratrem
391 4068 573 4141 obiurgaret,
600 4072 783 4127 commotum
808 4086 885 4126 esse.
900 4069 1060 4142 -Atque
1084 4084 1152 4124 cum
1175 4084 1212 4123 ea
1234 4082 1265 4122 re
1288 4064 1366 4121 alter

181 4173 268 4233 locus
285 4170 341 4257 (ΙΙΙ
361 4175 386 4245 1,
405 4175 464 4253 10.)
489 4176 529 4233 ad
545 4176 638 4233 Marci
662 4175 826 4251 epistulam
849 4175 933 4233 1113
958 4175 1059 4233 referri
1081 4174 1230 4240 videatur,
1255 4170 1363 4228 c'eteris

183 4300 305 4357 quoque
337 4284 427 4341 rebus
456 4283 583 4341 eandem
610 4284 711 4341 inesse
735 4283 884 4341 rationem
907 4284 999 4356 puto,
1033 4297 1074 4337 ac*
1092 4280 1220 4354 primum
1243 4278 1363 4352 quidem
