3275 4959
756 377 979 433 „20-

278 555 369 612 aliam
393 556 499 623 fuisse,
527 573 605 631 quae
629 555 724 630 periit.
772 554 845 612 (lum
870 554 948 611 enim
972 554 1122 629 epistulae
1145 554 1237 613 1115.
1265 553 1358 629 paulo
1382 556 1461 630 post

278 680 304 719 a
330 662 356 719 d.
380 662 428 720 XI.
453 662 519 719 Kal.
536 662 627 736 Sept,
653 664 684 719 et
707 662 745 718 ΙΙΙ
762 662 787 719 1.
812 661 995 737 paulopost
1018 680 1045 719 a.
1070 663 1096 719 d.
1116 661 1165 719 IV.
1187 661 1254 719 Kal.
1276 662 1339 718 Oct.
1363 662 1461 719 datae

279 769 349 838 sint,
385 786 446 827 non
481 771 531 826 est
564 768 697 837 dubium,
735 770 808 844 quin
843 769 973 837 Marcus,
1007 768 1186 843 priusquam
1220 769 1315 844 primo
1351 785 1461 825 mense

280 876 447 950 Septembri
469 876 501 931 in
523 875 614 933 villas
639 876 736 933 abiret
760 874 808 952 (Ill
825 875 893 951 1,1)
918 876 956 932 ad
979 876 1087 933 fatrem
1109 875 1263 949 scripserit
1279 874 1455 950 epistulam,

278 982 309 1039 in
342 1000 403 1057 qua
434 985 465 1039 et
496 982 576 1040 aliae
598 1000 647 1041 res
676 983 765 1041 etde
790 983 905 1039 Scauro
930 1001 957 1040 a.
982 982 1010 1039 d.
1034 982 1083 1043 IV.
1106 981 1182 1039 Non.
1207 982 1288 1055 Sept.
1311 984 1456 1056 repetun-

183 1095 184 1099 ’
278 1090 384 1147 darum
408 1090 553 1147 absoluto
572 1088 723 1147 ¹nonnulla
745 1090 898 1147 inruerint.
933 1089 999 1146 Nisi
1023 1089 1103 1147 enim
1125 1089 1275 1148 eiusmodi
1292 1088 1458 1163 epistulam·

277 1196 466 1278 intercidisse
490 1196 668 1263 iudicemus
702 1199 836 1271 spatium
859 1197 1028 1254 litterarum
1051 1196 1286 1253 intermissionis
1309 1216 1336 1267 a,
1351 1195 1460 1253 Marco

277 1303 378 1360 iactae
419 1303 543 1361 nimium
583 1306 639 1361 est.
700 1303 808 1360 Errant
846 1306 949 1360 autem
979 1302 1077 1377 Bergk
1111 1302 1149 1380 (p.
1174 1302 1247 1375 624,
1279 1300 1392 1379 adnot.)
1425 1304 1458 1359 et

278 1410 411 1467 Koerner
436 1409 473 1487 (p.
492 1409 544 1487 54)
569 1410 605 1467 de
628 1409 711 1467 dulia
734 1412 855 1467 mortua
886 1411 918 1468 in
941 1429 978 1468 ea
1001 1410 1148 1486 scriptum
1178 1410 1275 1468 fuisse
1306 1410 1456 1467 arbitrati.

278 1516 420 1592 Idemque
443 1518 577 1575 Koerner
601 1535 638 1574 ea
660 1534 691 1574 re
714 1514 839 1585 fallitur,
866 1518 946 1592 quod
972 1518 1008 1575 de
1024 1518 1128 1576 Planci
1149 1536 1246 1575 causa
1265 1511 1400 1574 Marcum
1424 1516 1459 1573 in

278 1642 315 1681 ca
338 1624 498 1697 scripsisse
523 1624 668 1698 opinatus
693 1627 751 1692 est,
777 1625 812 1682 de
838 1643 899 1700 qua
922 1624 1002 1681 inira
1025 1626 1181 1710 disseram.

278 1958 318 2039 0.
347 1957 461 2049 Quae
488 1957 680 2039 rationes
702 1958 816 2038 inter
840 1958 1045 2055 epistulas
1068 1959 1283 2038 mensibus
1302 1958 1457 2039 Sextili

278 2087 322 2163 et
350 2082 592 2183 Septembri
619 2102 651 2161 a
678 2083 819 2164 Marco
854 2085 1057 2179 acceptas
1089 2086 1133 2162 et
1165 2086 1295 2164 antea
1328 2084 1460 2165 datas

762 2207 973 2287 intersint.

290 2390 291 2397 ¹
365 2371 410 2429 Ac
433 2371 561 2446 primum
581 2371 701 2446 quidem
717 2374 851 2429 revertor
867 2372 906 2427 ad
922 2371 1078 2440 rationem,
1105 2389 1196 2446 quam
1212 2372 1290 2429 inter
1305 2371 1460 2446 epistulas

278 2497 297 2535 a
320 2478 421 2549 Quinti
444 2478 562 2536 familia
585 2496 611 2535 a.
628 2478 655 2535 d.
671 2477 719 2536 XI.
737 2478 802 2535 Kal.
821 2477 902 2552 Sept.
926 2471 1225 2554 acceptam'alteram
1241 2469 1291 2557 (111
1309 2477 1401 2555 1,19)
1425 2482 1459 2536 et

277 2604 296 2642 a
323 2585 424 2644 Marco
453 2604 555 2643 mense
582 2585 663 2643 Maio
691 2587 795 2642 datam
820 2584 926 2662 (1112)
955 2585 1101 2643 interesse
1129 2603 1224 2660 supra
1251 2583 1458 2662 (p.11-13;

279 2690 331 2769 14)
360 2692 574 2752 conclusimus.
620 2692 713 2750 Marci
749 2693 827 2776 enirn
855 2692 909 2750 illa
943 2691 1077 2767 epistula
1110 2692 1204 2766 primo
1240 2709 1343 2749 mense
1373 2691 1458 2749 Maio

275 2798 314 2856 M.
339 2800 433 2866 Orfio,
467 2799 561 2874 equiti
584 2800 738 2868 Romano,
773 2800 847 2857 data
870 2802 925 2867 est,
960 2803 990 2857 et
1018 2798 1147 2868 Quintus
1171 2799 1211 2855 ad
1234 2817 1301 2856 eam
1325 2799 1456 2873 rescrip-

277 2907 319 2964 sit
341 2906 406 2963 Kal.
432 2906 523 2975 Sext,
559 2924 627 2963 cum
658 2908 689 2963 in
716 2906 874 2963 Britannia
904 2908 965 2964 iam
997 2910 1088 2964 esset.
1134 2906 1200 2963 Iure
1234 2906 1327 2979 igitur
1361 2923 1460 2980 quae-

275 3013 379 3080 rimus,
405 3030 458 3070 cur
480 3015 545 3070 tum
569 3015 688 3070 demum
712 3014 908 3088 rescripserit,
933 3032 1126 3089 quamquam,
1152 3016 1188 3069 ut
1211 3030 1302 3088 quam
1325 3013 1456 3088 primum

276 3120 472 3195 responderet
503 3120 541 3177 ad
566 3138 633 3177 eam
656 3120 755 3194 ipsam
779 3120 960 3195 epistulam,
989 3105 1134 3195 gravibus
1159 3120 1270 3178 officiis
1294 3121 1459 3177 tenebatur

167 3232 170 3239 '
277 3225 324 3304 (ci,
339 3227 358 3285 l.
376 3226 420 3303 s).
466 3226 504 3285 M.
529 3228 629 3284 Orlius
661 3230 741 3284 certe
769 3228 865 3301 primo
896 3245 999 3285 mense
1022 3228 1107 3285 Iunio
1139 3228 1179 3285 ad
1202 3228 1342 3285 Caesaris
1367 3244 1456 3283 exer-

277 3334 369 3391 citum
400 3334 549 3409 pervenit,
581 3334 626 3391 ita
656 3336 692 3390 ut
714 3334 825 3404 Quinto
857 3339 929 3390 ante
956 3335 1014 3391 iter
1037 3334 1242 3391 Britannicum
1270 3334 1455 3391 rescribendi

275 3444 396 3514 tempus
428 3441 562 3497 futurum
589 3440 697 3509 luerit,
730 3440 757 3497 si
788 3442 827 3498 ab
852 3441 933 3498 Oriio
964 3444 1081 3497 mature
1112 3441 1230 3498 litterae
1261 3442 1288 3498 ei
1319 3440 1457 3498 redditae

277 3557 387 3605 essent.
426 3547 595 3621 Rescripsit
618 3549 720 3604 autem
744 3547 804 3604 illis
829 3547 948 3604 demum
965 3546 1083 3615 litteris,
1109 3566 1187 3623 quas
1205 3547 1356 3605 secundas
1372 3548 1457 3605 misit

277 3672 313 3711 cx
337 3653 447 3711 insula.
494 3654 580 3724 Quod
603 3654 689 3712 brevi
713 3657 783 3711 ante
806 3654 881 3711 nihil
905 3655 941 3711 de
964 3654 1001 3711 M.
1019 3654 1081 3710 Orii
1103 3654 1236 3729 epistula
1258 3655 1457 3728 respondisse

276 3761 406 3828 videtur,
431 3779 492 3818 non
515 3764 563 3818 est
587 3762 711 3819 mirum:
735 3779 833 3835 neque
855 3762 933 3818 enim
950 3761 1093 3836 copiosae
1110 3760 1260 3835 epistulae
1276 3761 1456 3818 scribendae

275 3872 396 3943 tempus
427 3868 523 3925 luisse
548 3868 753 3944 Quintumque
785 3867 915 3928 codicilli
947 3869 1036 3942 quasi
1064 3868 1200 3943 exemplo
1224 3867 1340 3925 felicem
1364 3885 1456 3925 suum

276 3976 307 4032 in
330 3975 519 4032 Britanniam
547 3976 712 4032 adventum
734 3975 837 4032 Marco
867 3977 898 4031 et
920 3975 1053 4032 familiae
1077 3993 1153 4032 suae
1177 3974 1338 4032 nuntiasse
1362 3978 1455 4049 puto;

276 4083 355 4139 hanc
371 4082 469 4140 solam
486 4066 547 4139 rem
563 4082 684 4139 Marcus
702 4100 738 4139 ex
756 4082 858 4152 Quinti
874 4082 1006 4155 epistula
1022 4084 1168 4139 memorat
1184 4082 1249 4162 (Qu.
1261 4082 1296 4138 ir.
1313 4082 1339 4138 ΙΙ
1353 4081 1402 4149 15,
1413 4078 1455 4160 4).

275 4189 427 4257 Miramur,
454 4189 535 4264 quod
559 4206 621 4246 non
643 4189 703 4245 iam
720 4192 790 4246 ante
806 4189 864 4246 iter
879 4189 1086 4259 Britannicum
1102 4189 1233 4259 Quintus
1249 4189 1314 4246 filie
1331 4189 1456 4263 scripsit

276 4295 312 4352 de
331 4295 425 4354 Marci
449 4296 581 4370 epistula
605 4314 624 4353 a
646 4295 685 4353 Μ,
698 4295 783 4377 ,01110
807 4296 936 4354 reddita.
974 4295 1155 4353 Concludere
1178 4296 1270 4369 igitur
1292 4295 1365 4353 licet
1387 4313 1456 4353 eam
