3275 4959
741 345 962 403 -40-

262 528 288 583 tc
304 524 509 598 perscriberem
533 523 679 601 (1113‚1).
718 523 832 599 Tyrrell
856 526 887 580 et
909 522 1021 580 Purser
1044 521 1156 598 (vollI
1180 540 1207 597 p.
1229 521 1300 591 160,
1326 521 1441 597 adnot)

264 649 428 707 omnesque
460 632 550 689 ceteri
575 630 737 705 epistulam
762 631 790 689 3.
814 647 907 687 unam
938 631 1082 705 putantes
1106 648 1143 687 ea
1166 630 1208 686 ad·
1229 628 1314 687 1111.
1338 628 1442 686 referri

263 742 455 807 censuerunt,
489 738 562 813 quia
591 739 628 795 de
652 737 803 795 similibus
827 738 920 795 rebus
943 736 1033 812 plura
1055 737 1087 794 in
1109 737 1167 794 hac
1191 736 1307 811 scripta
1330 738 1442 793 essent

263 846 392 914 Atenim,
419 845 446 903 si
468 846 563 903 verba
586 862 665 919 quae
689 847 762 901 sunt
778 844 819 903 ΙΙΙ
837 844 906 912 3,1.
931 846 1002 900 ante
1031 842 1194 918 epistulam
1217 842 1257 900 Ill
1278 843 1303 900 l.
1328 843 1443 918 scripta
1488 872 1492 878 .

264 954 345 1021 sunt,
370 952 400 1009 id
425 952 506 1027 quod
530 951 707 1009 certissimis
735 950 921 1025 argumentis
952 926 1024 1008 mihi
1055 950 1293 1008 demonstratum
1316 952 1372 1017 est,
1405 968 1444 1007 ea

264 1059 417 1116 sententia
438 1058 520 1117 falsa
544 1061 591 1116 est
615 1062 645 1116 et
667 1058 720 1115 illa
743 1059 837 1116 verba
869 1058 908 1115 ad
940 1056 1031 1115 aliam
1064 1056 1226 1131 epistulam
1257 1057 1442 1125 referuntur3
1482 1093 1487 1101 ·

266 1183 373 1239 quare
391 1183 482 1241 quam
499 1182 561 1223 non
584 1164 757 1223 necessario
775 1164 813 1221 ad
838 1164 876 1221 III
896 1165 921 1237 l.
945 1163 1122 1233 referantur,
1148 1162 1322 1221 accuratius
1338 1166 1443 1220 osten-

270 1273 348 1331 dam.
394 1271 618 1348 Perspiciamus
643 1271 781 1346 singulas
805 1289 863 1328 res.

356 1380 400 1436 Ac
424 1379 552 1453 primum
576 1354 697 1453 quidem
720 1378 876 1435 videmus:
912 1376 1112 1450 Eupolitioaes
1141 1376 1287 1451 eaeque
1316 1379 1445 1435 nouam

265 1489 330 1545 sent
351 1486 382 1544 in
405 1484 542 1543 manibus.
581 1485 664 1555 Quae
681 1485 754 1560 quin
771 1485 886 1560 scripta
902 1484 963 1542 sint
980 1484 1016 1541 de
1030 1483 1131 1553 Quinti
1148 1487 1179 1541 et
1192 1483 1287 1540 Marci
1303 1483 1443 1541 domibus

267 1594 392 1651 urbanis
416 1610 476 1650 uon
501 1596 549 1650 cst
572 1592 706 1651 dubium.
752 1592 1005 1649 Aedificationem
1036 1590 1115 1648 enim
1146 1591 1303 1648 domorum
1331 1608 1351 1647 a
1374 1590 1444 1647 Glo-

267 1700 377 1767 dianis,
403 1717 471 1757 cum
494 1699 616 1756 Marcus
641 1698 711 1755 exul
736 1700 828 1767 esset,
854 1674 1022 1755 dirutarum
1053 1699 1085 1755 ct
1116 1697 1185 1755 aliis
1217 1698 1253 1755 de
1285 1697 1389 1754 causis
1414 1699 1446 1753 et

268 1806 450 1865 tumultibus
481 1806 611 1881 publicis
637 1806 684 1882 (cf.
701 1806 762 1863 Att.
778 1805 820 1864 IV
837 1799 911 1886 7,3)
933 1805 965 1861 in
996 1822 1107 1862 annum
1131 1804 1201 1863 LIV.
1226 1803 1352 1861 dilatam
1375 1820 1445 1861 esse

267 1914 372 1971 multis
389 1912 590 1987 epistularum
606 1912 683 1969 locis
699 1908 932 1989 cognoscitur1).
968 1911 1065 1981 Quare
1085 1928 1122 1968 ne
1139 1910 1308 1986 Septembri
1323 1910 1445 1985 quidem

206 2016 209 2021 ’
269 2020 470 2095 expolitiones
502 2019 651 2093 perfectae
684 2021 778 2087 erant,
813 2021 849 2075 ut
880 2021 967 2094 patet
997 2017 1240 2088 Qu.fr.1111‚6.
1285 2018 1319 2075 In
1342 2016 1445 2075 verbis

270 2130 387 2185 autem:
425 2124 609 2199 appetitiones
639 2125 784 2201 utrimque
813 2129 943 2184 nostrum
974 2128 1039 2183 eant
1068 2124 1100 2182 in
1129 2124 1259 2182 mondus
1293 2123 1447 2181 sententia

272 2234 367 2291 inest:
398 2232 497 2291 domas
518 2235 631 2291 nostrae
654 2231 846 2305 ecpctiamar,
877 2250 965 2307 quae,
998 2249 1067 2288 cum
1098 2248 1201 2288 mense
1232 2230 1339 2288 Sextili
1370 2229 1445 2287 seri-

272 2341 401 2423 beretur,
427 2339 527 2397 aliena
549 2339 669 2397 minime
693 2340 751 2397 dici
775 2341 886 2413 potest.

358 2448 402 2504 Ac
424 2464 463 2504 ne
486 2447 517 2504 in
541 2446 686 2521 proximis
709 2446 827 2503 verbis:
851 2445 898 2503 sed
918 2449 967 2503 tea
981 2444 1020 2502 ad
1029 2444 1190 2517 perfectam
1204 2443 1264 2501 mia
1278 2461 1324 2502 res
1338 2442 1448 2501 nabeo

187 2542 188 2545 ¹
270 2552 381 2611 Arcani
403 2556 429 2611 et
451 2552 574 2625 Laterii,
597 2553 708 2629 partim
732 2553 881 2619 obscuris
913 2570 988 2609 vcra
1018 2551 1185 2609 difficultas
1216 2551 1305 2609 inest.
1352 2550 1446 2609 Cuius

226 2664 250 2728 η’
271 2660 338 2729 loci,
365 2661 416 2736 qui
440 2663 601 2734 corruptus
626 2662 705 2717 certe
729 2661 785 2727 est,
811 2658 1039 2717 emendationes
1068 2658 1121 2715 alii
1144 2657 1222 2715 alias
1246 2656 1447 2732 protulerunt,

245 2827 249 2833 ,
272 2766 458 2840 Wesenberg
479 2767 558 2825 hanc
581 2766 728 2824 tentavit:
752 2768 779 2823 ct
801 2769 851 2824 tuo
868 2765 999 2838 perfecta
1020 2764 1084 2825 tum
1106 2782 1151 2823 res
1172 2764 1289 2823 mistica.
1342 2764 1447 2838 Neque

271 2876 374 2931 tamen
397 2874 568 2931 emendatio
592 2875 630 2931 ab
656 2874 795 2930 omnibus
817 2874 949 2948 probata
970 2872 1095 2929 inventa
1118 2873 1173 2931 est.
1212 2871 1281 2939 Sed,
1306 2874 1342 2928 ut
1364 2870 1447 2928 illam

273 2980 469 3053 Wesenbergi
491 2981 663 3053 probemus,
689 2978 882 3036 difficultatis
913 2979 966 3036 vix
997 2978 1162 3053 quidquam
1193 2978 1297 3037 oritur.
1343 2978 1447 3035 Cicero

271 3088 351 3145 enim
367 3086 463 3161 primo
480 3104 581 3145 mense
598 3086 774 3161 Septembri,
801 3104 870 3143 cum
885 3086 1037 3142 Arcanum
1054 3086 1084 3141 et
1098 3084 1251 3141 Laterium
1266 3084 1449 3159 inspiciebat

272 3190 381 3273 (1111),
407 3210 511 3253 omnes
533 3193 595 3251 fere
618 3210 667 3251 res
690 3193 721 3249 in
744 3192 782 3250 iis
805 3192 956 3267 perfectas
973 3192 1097 3248 invenit.
1135 3188 1173 3248 Ie
1187 3188 1302 3249 Arcano
1317 3188 1447 3249 ΜΝ.

271 3298 316 3357 Id.
329 3297 403 3373 Sept.
427 3299 481 3372 fai.
504 3298 556 3358 Ibi
577 3298 746 3359 Mescidium
769 3316 832 3357 cum
854 3298 1012 3357 Ptitoaeeno
1034 3314 1195 3373 meaeque,
1218 3315 1302 3372 quem
1322 3297 1348 3355 ii
1369 3297 1449 3355 dace-

271 3406 339 3465 bant
360 3424 417 3466 noa
440 3407 518 3482 tcnpe
540 3426 558 3465 a
580 3406 660 3478 villi,
684 3406 749 3465 batte
771 3423 838 3464 sace
864 3405 994 3477 stantem
1022 3404 1093 3476 uidi,
1118 3403 1292 3477 musenim
1320 3402 1450 3461 maxim

271 3512 406 3587 siccitate,
436 3514 643 3589 uberioresque
670 3512 814 3596 alquanto
837 3530 866 3571 se
888 3511 1051 3571 cotbctares
1072 3528 1129 3569 esse
1150 3510 1277 3569 dicebant
1300 3509 1352 3587 (Ill
1371 3508 1448 3586 1‚1).

273 3619 334 3677 Res
361 3621 454 3694 igitur
477 3621 587 3678 Arcani
609 3623 767 3695 tamquam
789 3619 942 3697 perfectae
974 3621 1062 3675 erant
1091 3636 1189 3693 neque
1213 3618 1313 3675 minus
1336 3616 1449 3674 Laterii

275 3724 310 3802 (c.
326 3725 435 3809 4-6).
471 3727 555 3785 Unde
578 3728 645 3785 fieri
667 3729 796 3802 poterat,
822 3726 941 3783 utiam
965 3725 1123 3799 aliquanto
1147 3723 1292 3799 temporis
1315 3726 1388 3781 ante
1411 3723 1448 3780 de

274 3836 365 3891 rebus
388 3834 499 3891 Arcani
523 3835 554 3890 et
575 3833 686 3891 Laterii
708 3833 848 3907 perfectis
872 3851 892 3890 a
912 3832 1153 3906 redemptoribus
1177 3830 1287 3889 certior
1308 3830 1396 3887 fieret
1418 3832 1450 3887 et

274 3940 382 3998 deinde
406 3941 444 3998 ad
468 3940 592 3997 fratrem
616 3941 769 3999 scriberet.

363 4048 493 4105 Restant
523 4048 632 4105 verba:
670 4045 823 4104 Praeterea
852 4045 885 4103 de
914 4062 997 4120 aqua,
1029 4043 1063 4102 de
1090 4044 1140 4102 via
1168 4042 1243 4102 nuit
1266 4040 1451 4117 praemisi

365 4274 385 4343 ²)
405 4274 457 4340 Qu.
469 4272 503 4327 fr.
517 4273 544 4326 11
557 4271 620 4338 2,2;
640 4270 706 4338 3.7;
724 4270 786 4337 4,2;
805 4270 868 4337 5,3;
886 4268 946 4325 Att.
966 4268 1005 4323 lv
1018 4269 1092 4335 lna
