3275 4959
735 376 936 433 ῌ4..

240 552 412 627 peremerit,
434 553 586 628 iacertam;
613 552 781 612 crediderim
804 557 897 612 tamea
919 551 1089 626 Placentiae,
1113 570 1176 611 cam
1198 550 1347 612 Gaesarem
1367 570 1426 611 aaa
1465 545 1468 551 ’

245 660 333 719 malta
351 664 419 735 post
436 660 535 737 Quiriti
556 660 707 720 ademtam
730 660 840 719 litteras
862 660 928 719 illas
951 660 1058 719 dedisse
1071 664 1211 734 appareat
1231 677 1317 735 aecae
1331 663 1424 718 tamea

246 766 297 827 dia
322 768 414 826 addae
440 784 503 825 cam
531 766 580 825 illo
607 770 749 826 versatam
776 785 840 841 esse,
871 767 944 844 qaod
969 771 1030 825 tam
1057 785 1124 826 scae
1149 786 1207 825 aaa
1234 784 1297 825 cam
1324 765 1425 841 Quiriti

246 872 349 933 litteris
365 872 515 947 prioritas
536 892 603 933 saas
625 873 752 935 Romam
774 874 896 934 misisset
919 875 957 952 (p.
981 873 1133 951 41-42).
1199 874 1256 933 Sed
1281 892 1348 931 eam
1372 892 1424 931 ex-

246 982 448 1056 plicationem,
475 1000 553 1057 quae
578 982 661 1039 nullo
685 982 885 1056 epistularum
908 982 976 1040 loco
1001 982 1205 1049 confimatur,
1234 981 1422 1039 levissimam

246 1107 315 1147 esse
338 1106 426 1146 nemo
450 1106 512 1147 non
535 1089 627 1150 videt.
665 1088 790 1147 Rectius
813 1089 891 1146 euim
916 1088 1075 1163 opinamur
1097 1088 1259 1163 epistulam
1277 1107 1296 1145 a
1311 1088 1423 1158 Quinto

245 1195 418 1254 Placentiae
450 1195 594 1270 scriptam
625 1213 687 1253 non
718 1196 786 1269 ipso
819 1196 980 1254 adrentus¹
1004 1198 1139 1270 tempore
1174 1196 1243 1252 inde
1274 1195 1421 1269 perlatam

245 1320 324 1371 esse,
358 1292 420 1360 sed¹
437 1302 595 1378 aliquanto
618 1302 763 1376 temporis
787 1305 867 1377 post.
906 1302 983 1360 Nam
1007 1320 1039 1360 re
1061 1302 1132 1377 ipsa
1153 1302 1262 1359 mirum
1277 1303 1369 1370 esset,
1395 1302 1423 1359 si

245 1410 350 1467 eodem
374 1409 432 1489 die,
465 1426 525 1485 quo
550 1410 679 1480 Quintus
703 1408 890 1467 Placentiam
922 1410 1054 1478 advenit,
1087 1409 1266 1467 tabellarius
1297 1411 1423 1483 praesto

244 1516 364 1584 fuisset,
391 1516 443 1591 qui
467 1516 585 1574 litteras
609 1516 737 1574 Romam
761 1516 916 1591 perferret3
949 1516 1014 1574 sine
1043 1517 1136 1574 dubio
1160 1517 1290 1587 Quintus
1314 1533 1423 1574 servos

244 1623 422 1681 tabellarios
445 1624 512 1699 ipse
536 1641 638 1680 secum
662 1641 723 1681 non
747 1624 889 1690 habebat,
916 1624 969 1681 sed
994 1626 1049 1680 aut
1063 1623 1273 1690 familiaribus,
1299 1623 1421 1698 siquos

245 1731 276 1787 in
307 1730 368 1788 illis
401 1730 520 1806 oppidis
552 1730 673 1799 habuit,
710 1730 829 1787 litteras
862 1729 945 1787 dedit
973 1728 1043 1786 inde
1074 1730 1281 1805 perferendas;
1315 1729 1422 1803 itaque

244 1854 346 1895 morae
369 1836 459 1895 facile
484 1837 554 1895 oriri
585 1838 735 1911 poterant,
768 1837 841 1911 quia
870 1836 1073 1894 familiaribus
1104 1836 1282 1894 tabellarios
1316 1837 1421 1893 statim

244 1944 372 2002 Romam
398 1944 562 2002 mittendos
580 1962 647 2002 raro
664 1944 761 2001 fuisse
779 1944 919 2001 credibile
936 1946 995 2012 est3
1020 1946 1075 2001 aut
1096 1944 1127 2000 iu
1147 1944 1332 2011 mansiones,
1358 1961 1421 2018 quo

244 2051 395 2110 tabellarii
421 2069 436 2108 e
461 2050 561 2109 Gallia
584 2051 712 2108 Romam
735 2050 965 2125 proficiscentes
988 2051 1235 2118 devertebantur,
1261 2068 1315 2107 eas
1338 2050 1418 2119 tulit,

243 2160 288 2227 ut,
315 2159 342 2216 si
367 2159 435 2233 quis
460 2158 570 2226 abiret,
598 2176 660 2215 una
682 2160 826 2231 portaret.
872 2157 958 2214 Alias
986 2158 1064 2215 enim
1087 2158 1140 2215 vix
1162 2156 1260 2215 fuisse
1283 2157 1422 2215 mittendi

243 2265 379 2323 rationes
403 2267 492 2339 puto;
517 2282 610 2340 quare
633 2264 722 2322 facile
745 2264 812 2321 fieri
828 2266 956 2339 poterat,
982 2268 1017 2322 ut
1033 2264 1183 2340 epistulae
1199 2267 1255 2321 aut
1270 2263 1420 2339 aliquam-

244 2372 296 2429 diu
310 2372 518 2441 retinerentur,
541 2374 596 2430 aut
612 2372 733 2429 omnino
749 2372 986 2447 neglegerentur,
1005 2373 1092 2431 cuius
1108 2372 1152 2429 rei
1167 2389 1272 2430 verum
1289 2388 1420 2446 cognos-

244 2479 340 2536 cimus
357 2478 527 2554 exemplum
542 2479 590 2537 his
607 2480 721 2537 vorbis:
745 2478 830 2537 Daas
844 2478 936 2537 addae
950 2498 969 2537 a
983 2482 1011 2542 te,
1031 2477 1127 2552 accepi
1148 2478 1301 2552 epistulis:
1322 2496 1422 2536 caram

243 2584 362 2643 alteram
384 2584 415 2643 ia
438 2585 500 2659 ipso
523 2584 644 2645 discessa
665 2588 771 2658 rostro,
795 2584 915 2644 aderam
936 2584 1070 2644 Arimiao
1093 2586 1203 2660 datam,·
1220 2586 1328 2659 plares,
1351 2602 1422 2659 qaas

244 2691 344 2751 scribis
368 2696 393 2751 te
415 2692 529 2766 dedisse,
560 2710 616 2751 am
639 2709 800 2766 acceperam
829 2692 892 2770 (Qu.
908 2693 943 2751 fr.
959 2693 985 2750 Il
1005 2691 1097 2769 tal).
1147 2693 1204 2763 Qui
1242 2694 1320 2750 enim
1351 2693 1418 2749 fieri

215 2876 217 2879 Ι
242 2801 371 2873 poterat,
398 2799 425 2855 si
442 2799 570 2869 Quintus
594 2800 713 2857 litteras
738 2817 812 2857 suas
836 2799 1004 2857 tabellariis
1028 2800 1133 2857 statim
1153 2800 1420 2875 proficiscentibus

241 2905 428 2973 tradidisset,
453 2908 489 2963 ut
511 2906 623 2980 plures,
649 2924 727 2981 quae
752 2924 789 2963 ex
812 2907 907 2964 variis
938 2906 1015 2964 locis
1046 2907 1187 2964 videntur
1218 2907 1309 2963 datae
1340 2923 1418 2975 esse,

241 3011 355 3070 Romae
378 3030 440 3069 non
463 3012 679 3071 redderentur?
733 3014 840 3088 ltaque
870 3012 960 3070 facile
990 3013 1183 3087 intellegitur,
1216 3031 1270 3071 cur
1298 3013 1419 3071 litterae

240 3117 396 3176 Placentia
422 3137 490 3177 sero
513 3120 640 3177 Romam
664 3118 799 3194 perlatae
824 3120 894 3177 sint

256 3260 258 3267 »
332 3226 466 3282 Alteram
498 3226 646 3283 rationem
676 3243 738 3283 non
773 3227 874 3284 miuus
905 3226 1093 3302 probabilem
1124 3227 1202 3283 hanc
1233 3245 1301 3285 esse
1333 3230 1417 3302 puta.

242 3331 329 3401 Quod
347 3332 449 3389 Cicero
467 3332 602 3406 scripsit:
626 3329 662 3389 A.
679 3332 705 3390 d.
722 3330 775 3390 IV.
793 3332 869 3392 Noa.
886 3331 960 3406 Iam,
981 3351 1035 3407 qao
1050 3332 1263 3405 Roraamaeai,
1286 3334 1418 3406 accepi,

241 3441 304 3495 taas
320 3437 429 3497 litteras
444 3438 526 3497 datas
538 3437 693 3511 Placentia,
709 3456 770 3497 uou
787 3440 930 3513 cogimur,
948 3443 985 3497 ut
999 3441 1228 3515 interpretemur
1239 3440 1418 3498 tabellarios

241 3562 277 3601 ec
308 3545 376 3619 ipso
408 3545 455 3601 die
489 3546 665 3613 advenisse,
700 3546 754 3602 sed
786 3547 899 3621 optime
930 3547 1051 3605 videtur
1081 3548 1233 3605 sententia
1264 3550 1354 3614 stare,
1390 3548 1418 3605 si

240 3651 374 3708 Marcum
406 3669 458 3708 eas
482 3654 556 3721 tum,
590 3669 657 3709 cum
681 3653 774 3721 venit,
808 3671 828 3710 a
852 3653 1027 3711 domesticis
1059 3655 1215 3729 accepisse
1243 3654 1417 3728 opinamur;

241 3760 332 3815 antea
355 3747 432 3815 eninr
452 3777 477 3839 ,a
499 3758 666 3817 tabellariis
691 3760 835 3829 redditas,
870 3779 890 3818 a
912 3760 1088 3819 domesticis
1120 3763 1223 3819 autem
1253 3780 1353 3835 usque
1376 3761 1417 3817 ad

241 3865 390 3923 Ciceronis
422 3866 586 3924 adventum
618 3854 752 3924 retentas
785 3885 840 3925 eas
871 3886 941 3926 esse
973 3867 1112 3925 credibile
1144 3849 1200 3935 est,
1234 3869 1300 3926 sive
1331 3868 1413 3942 quod

238 3971 399 4041 tabellarii,
434 3973 540 4059 quiin
564 3973 656 4031 villas
681 3959 847 4048 perferrent
869 3974 997 4043 litteras
1030 3974 1068 4032 iis
1100 3992 1161 4032 non
1184 3975 1315 4042 fuerunt,
1349 3974 1417 4032 sive

240 4079 321 4153 quod
346 4079 382 4135 de
406 4079 544 4154 proximo
568 4080 719 4137 Ciceronis
745 4081 880 4139 adventu
904 4081 1047 4138 certiores
1071 4081 1146 4138 facti
1169 4084 1263 4139 erant.

328 4186 423 4259 Atqui
446 4186 494 4243 his
519 4186 638 4244 duabus
662 4188 845 4254 rationibus,
878 4205 932 4244 cur
955 4187 1105 4262 epistulae
1134 4190 1163 4245 et
1194 4205 1263 4245 sero
1285 4188 1414 4245 Romam

240 4290 375 4365 perlatae
408 4295 438 4350 et
469 4310 537 4350 sero
562 4312 581 4351 a
604 4293 705 4351 Marco
738 4296 882 4368 acceptae
914 4294 985 4363 sint,
1018 4294 1097 4352 satis
1130 4295 1311 4370 explicatum
1344 4312 1414 4369 ergo
