3275 4959
727 372 928 439 —s-

238 567 345 623 eornm,
376 550 425 625 qni
453 567 511 609 nnn
541 553 636 613 essent.
669 567 834 623 quemqnam
855 549 953 627 fnisse,
983 549 1034 623 qni
1054 548 1250 607 vadimonium
1273 548 1418 622 concipere

235 660 330 732 posset
354 656 417 735 (Qu.
441 657 475 715 fr.
500 656 526 713 ll
545 656 593 725 13,
609 654 648 733 3).
694 656 789 732 Atqui
824 656 909 713 nullo
941 656 1009 714 loeo
1041 656 1215 715 Trebatium
1250 674 1314 713 una
1347 673 1416 713 cum

239 766 351 835 Quinto
368 764 536 839 profectum
556 781 625 823 esse
642 764 865 837 cognoscimus,
883 763 975 821 immo
991 780 1060 820 eum
1076 762 1234 837 aliquanto
1258 762 1412 837 temporie,

239 872 419 946 priusquam
436 870 564 940 Quintus
580 870 707 939 veniret,
732 872 813 945 apud
831 871 992 928 Gaesarem
1006 869 1106 928 tuisse
1120 870 1201 927 iutra
1216 868 1254 947 (p.
1271 868 1414 945 44-45)

238 978 367 1047 docebo;
392 995 462 1052 ergo
487 976 650 1052 quaeritur,
676 980 777 1035 utrum
793 978 906 1036 Caesar
925 976 1008 1035 illam
1030 977 1174 1035 iuvenum
1190 976 1413 1034 multitudinem
1533 1006 1537 1011 ·
1608 986 1621 1008 ·

239 1084 270 1141 iu
294 1083 443 1159 cisalpina
466 1084 536 1159 ipsa
559 1102 661 1142 secum
677 1084 818 1142 habuerit
848 1087 879 1141 et
901 1101 964 1141 una
986 1085 1017 1141 in
1038 1083 1261 1158 transalpinam
1283 1083 1414 1141 Galliam

237 1191 395 1267 protectus
419 1192 468 1259 sit,
495 1208 535 1249 an
559 1209 625 1249 eam
657 1191 687 1247 in
710 1190 904 1265 transalpina
934 1191 1053 1248 demum
1078 1190 1259 1249 convenerit.
1309 1190 1414 1266 Neque

239 1298 354 1366 dubit0,
369 1298 442 1373 quiu
458 1299 570 1357 Caesar
582 1315 650 1355 cum
663 1315 700 1355 ea
711 1297 771 1356 nisi
783 1297 913 1373 Alpibus
926 1298 1079 1372 superatis
1093 1314 1153 1355 nou
1167 1314 1351 1371 congressus
1364 1296 1413 1356 sit.

329 1405 444 1475 Quibus
461 1406 601 1463 omnibus
618 1405 654 1463 de
672 1406 776 1469 causis
800 1406 831 1463 iu
848 1407 990 1480 corrupto
1007 1404 1059 1462 illo
1075 1405 1196 1462 nomine
1212 1402 1414 1462 Blandenonne

238 1511 342 1587 aliquo
366 1513 455 1571 modo
479 1530 588 1570 nomeu
613 1512 715 1587 oppidi
738 1512 923 1587 transalpini
944 1512 1030 1570 velut
1052 1508 1297 1570 Andematunnum
1320 1510 1413 1568 latere

239 1618 377 1693 equidem
409 1619 534 1689 conicio.
578 1620 615 1677 'lu
646 1619 699 1677 illa
733 1622 836 1677 autem
863 1618 997 1693 epistula
1031 1619 1222 1677 scribendum
1259 1620 1307 1675 est
1337 1635 1413 1675 nasu

237 1725 374 1785 ablativo
397 1724 620 1785 Andematunno.
666 1728 710 1784 Ao
742 1726 871 1800 primum
902 1726 1022 1801 quidem
1052 1725 1184 1783 nominis
1211 1724 1413 1783 Bdnndcnonne

238 1834 335 1891 maior
357 1834 523 1892 litterarum
548 1850 618 1908 pars
644 1833 870 1892 similitudinem
894 1834 1047 1908 quandam
1070 1833 1164 1889 habet
1193 1849 1262 1889 oum
1292 1831 1412 1889 nomine

237 1938 461 2013 Andennntnnno,
493 1942 612 2015 praeter
641 1940 711 1999 illas
735 1940 854 1998 litteras
878 1939 992 2014 primas
1015 1938 1074 2007 Bt,
1107 1957 1196 2014 quae,
1230 1956 1291 2013 quo
1322 1939 1411 1996 modo

238 2050 324 2105 ortae
348 2047 419 2115 sint,
454 2047 551 2105 dicere
575 2065 637 2105 nou
659 2065 794 2121 possum.
840 2046 956 2104 Deinde
979 2047 1245 2104 Andematunnum
1268 2045 1412 2121 oppidum

237 2154 407 2227 proximum
438 2157 486 2212 est
517 2173 536 2211 a
559 2154 682 2227 Belgica
714 2158 745 2212 et
767 2172 862 2229 prope
892 2154 976 2212 illam
999 2153 1082 2210 viam
1105 2154 1175 2220 sita,
1210 2170 1288 2227 quae
1310 2152 1371 2209 tuit
1393 2170 1413 2208 a

237 2259 405 2329 Placentia,
431 2278 484 2335 per
497 2260 591 2335 Alpes
608 2261 735 2330 Cottiae,
761 2265 881 2336 praeter
894 2261 1076 2320 Rhodanum
1100 2262 1130 2317 et
1145 2259 1263 2316 Ararim
1285 2258 1410 2325 fluviae,

237 2366 268 2423 iu
292 2365 451 2440 Belgicam.
498 2368 565 2437 Qua
595 2368 648 2425 vla
677 2368 814 2427 homines
837 2368 968 2426 Romani
997 2369 1029 2425 in
1053 2366 1182 2425 Galliam
1207 2368 1238 2424 et
1259 2365 1412 2440 Belgicam

236 2472 465 2549 proficiscentes
501 2476 546 2532 uti
582 2474 723 2533 solebant
754 2475 894 2533 Caesaris
930 2476 1033 2533 aetate
1043 2471 1078 2551 1);
1111 2492 1131 2531 a
1161 2472 1339 2532 Gavilluuuo
1372 2473 1411 2530 ad

237 2580 352 2639 Ararim
375 2581 505 2639 fluvium
530 2581 590 2639 sito
614 2581 693 2641 duae
716 2583 786 2641 viae
810 2583 1046 2650 divertebantur,
1076 2582 1174 2639 altera
1197 2582 1236 2638 ad
1259 2580 1409 2648 Bibracte,

236 2706 298 2763 qua
325 2688 500 2763 plerumque
532 2706 595 2757 eoa,
630 2689 681 2764 qui
705 2691 825 2763 portum
853 2689 942 2747 Itium
970 2690 1122 2764 petebant,
1156 2688 1311 2763 protectos
1341 2705 1410 2745 esse

235 2794 300 2852 veri
323 2794 420 2852 simile
444 2789 536 2876 erm),
569 2796 667 2853 altera
697 2797 781 2853 reeta
811 2812 910 2871 usque
941 2796 980 2853 ad
1004 2796 1271 2853 Andematunnum
1301 2795 1409 2853 terens.

234 2901 397 2959 Praeterea
419 2921 439 2960 a
461 2902 602 2960 Bibracte
625 2902 678 2959 via
709 2904 896 2977 eretusque
920 2903 959 2960 ad
983 2903 1249 2959 Andematunnum
1257 2896 1289 2976 ³).
1335 2900 1409 2957 Bam

235 3008 329 3080 igitur
353 3009 398 3066 sio
421 3027 454 3066 se
471 3009 618 3067 habuisse
634 3012 719 3083 puto.
759 3008 873 3067 Caesar
897 3010 1034 3077 iuveneS,
1058 3026 1187 3083 quarum
1202 3005 1410 3063 familiaritate

234 3116 388 3185 utebatur,
423 3115 562 3173 Bibracte
594 3116 661 3173 sive
684 3117 952 3191 Augustodunum.
986 3134 1047 3191 quo
1071 3114 1168 3172 hieme
1191 3112 1365 3171 ventitabat
1373 3107 1407 3187 ⁴),

234 3225 481 3297 congregaverat,
515 3223 594 3280 unde
622 3223 742 3281 abierat
772 3223 810 3281 ad
835 3223 999 3280 exercitum
1029 3224 1060 3279 et
1081 3220 1308 3278 Andematunni
1330 3219 1409 3277 torte

235 3328 378 3398 Quintum
402 3330 544 3387 convenit
567 3331 623 3387 aut
645 3330 677 3387 in
700 3330 758 3387 hoc
775 3329 885 3403 oppido
903 3346 956 3403 per
978 3328 1078 3385 maius
1100 3327 1246 3401 temporis
1271 3326 1404 3400 spatium

235 3434 296 3492 iam
320 3438 411 3493 antea
434 3438 572 3494 moratus
596 3439 655 3505 est;
687 3435 867 3508 litteraeque
898 3435 965 3493 eius
988 3437 1019 3492 et
1041 3434 1144 3505 Quinti
1174 3433 1245 3491 inde
1269 3433 1409 3490 videntur
1515 3481 1518 3486 .

236 3542 326 3599 datae
350 3560 427 3600 esse.

325 3649 408 3719 Quae
432 3649 459 3707 si
482 3650 527 3707 ita
549 3652 630 3718 sunt,
661 3647 723 3723 'quo
748 3650 883 3723 tempore
907 3647 1061 3721 congressi
1093 3646 1164 3715 siut,
1195 3645 1317 3703 facibus
1342 3647 1407 3703 sta-

233 3755 340 3813 tuitur.
385 3756 651 3813 Andematunnum
682 3755 761 3813 euim
792 3774 811 3812 a
839 3754 937 3812 Roma
960 3755 1050 3811 abest
1080 3754 1160 3811 circa
1182 3753 1262 3810 MXL
1284 3752 1408 3810 milibus
1456 3813 1459 3818 ,

324 3947 343 4015 ¹)
362 3946 471 4010 Nissen,
490 3946 549 4001 ital.
569 3944 708 3999 Laudesk.
727 3944 808 4000 roll
827 3962 854 4015 p.
869 3943 928 4010 156,
948 3943 1085 4010 lot-5&
1110 3942 1172 3998 itin.
1191 3944 1295 3997 Antou.
1314 3958 1340 4011 p.
1357 3941 1408 3995 169

234 4035 277 4089 bis
298 4033 356 4089 171.

324 4124 343 4193 ⁹)
363 4123 423 4179 itin.
443 4124 509 4179 Ant.
528 4140 555 4194 p.
570 4123 630 4179 171.

323 4214 343 4282 ⁸)
362 4212 485 4284 Kiepert,
504 4212 584 4273 atlas,
596 4214 705 4282 antiqu.
724 4214 784 4267 tab.
801 4212 848 4267 XI.

322 4300 342 4371 ⁴)
363 4302 471 4357 Kraner
488 4319 514 4373 p.
527 4300 588 4359 380.
