3275 4959
773 1136 875 1217 Pars.
903 1138 938 1215 ll.

263 1246 309 1394 ue
345 1295 462 1439 urus
504 1216 655 1417 ululae
696 1324 718 1393 e
755 1294 865 1394 reue
902 1325 990 1396 uult
1027 1326 1060 1397 a.
1098 1296 1178 1398 uu.
1209 1326 1244 1397 l.
1277 1298 1352 1398 uu.
1395 1300 1440 1397 au

690 1437 886 1537 Trebatium
918 1440 1020 1539 datie.

354 1604 470 1674 Quibus
501 1603 688 1677 temporibus
719 1604 851 1678 scriptae
882 1605 945 1662 sint
974 1605 1140 1679 epistulae,
1173 1623 1252 1682 quas
1275 1607 1313 1664 Μ.
1337 1606 1441 1664 Cicero

264 1712 376 1785 primas
409 1728 489 1768 anno
513 1728 539 1767 a.
565 1710 630 1768 Chr.
655 1729 682 1767 n.
706 1710 779 1769 LIV.
803 1711 842 1767 ad
857 1712 1040 1777 ,Trebatium
1062 1712 1258 1782 familiarem,
1290 1714 1441 1771 iuriscon-

265 1818 389 1886 sultum,
414 1835 482 1875 cum
505 1817 532 1874 is
557 1817 638 1892 apud
663 1817 823 1875 Gaesarem
846 1818 876 1874 in
900 1818 1001 1876 Gallia
1024 1822 1123 1889 esset,
1153 1820 1253 1888 misit,
1278 1820 1336 1878 viri
1358 1820 1440 1878 docti

265 1924 440 1982 accuratius
463 1924 613 1999 inquirere
643 1922 695 1981 diu
718 1924 1001 1997 praetermiserunt;
1025 1925 1103 1983 satis
1119 1926 1292 1983 habueruut
1307 1926 1441 2001 aliquam

264 2031 372 2088 saltem
403 2031 550 2105 temporis
581 2030 729 2087 rationem
760 2032 867 2096 renue,
901 2048 980 2105 quae
1011 2032 1041 2088 iu
1073 2032 1213 2106 epistulis
1241 2033 1302 2090 illis
1324 2033 1438 2100 insunt,

263 2139 425 2205 detexisse,
450 2155 513 2213 qua
535 2155 567 2194 re
590 2138 706 2194 factum
730 2139 785 2205 cst,
811 2140 847 2195 ut
869 2137 982 2213 'lyrress
1006 2139 1036 2195 et
1059 2138 1177 2207 Purser,
1203 2156 1270 2196 cum
1287 2140 1440 2197 Ciceronis

151 2296 156 2306 ,
263 2244 411 2320 epistulas
436 2245 565 2311 ederent,
591 2244 666 2301 miro
691 2244 824 2318 quodam
844 2244 934 2303 modo
952 2262 1005 2302 eas
1020 2245 1099 2302 inter
1114 2249 1231 2304 ceteras
1247 2247 1442 2321 disponerent

262 2350 333 2428 (vol.
349 2350 394 2427 ll).
440 2351 638 2425 Primusque,
671 2354 818 2427 quantum
843 2352 923 2419 scio,
957 2351 1132 2424 diligentius
1156 2370 1218 2409 rem
1242 2352 1348 2409 deinde
1372 2370 1440 2427 per-

262 2462 420 2516 scrutatus
444 2461 492 2516 est
515 2458 664 2526 Koerner,
699 2458 750 2534 qui
773 2457 820 2515 vir
842 2461 878 2515 ut
900 2458 931 2515 in
955 2459 1062 2517 ceteris
1086 2461 1176 2516 rebus
1199 2459 1245 2517 ita
1267 2459 1298 2516 in
1321 2459 1369 2516 his
1392 2459 1441 2516 in-

261 2566 416 2640 quirendis
432 2565 591 2639 diligentia
606 2565 781 2622 necessaria
796 2582 873 2622 usus
895 2583 963 2623 esse
979 2566 1050 2622 milri
1068 2566 1189 2640 quidem
1203 2583 1264 2624 non
1281 2569 1329 2623 est
1343 2565 1440 2624 visus.

261 2672 366 2746 Neque
399 2672 467 2747 plus
499 2672 621 2729 luminis
645 2672 750 2728 attulit
772 2672 949 2740 Rauschen,
984 2673 1035 2747 qui
1058 2673 1125 2747 ipse
1148 2690 1269 2749 quoque
1292 2673 1441 2731 nonnulla

262 2779 299 2835 do
330 2780 368 2837 iis
393 2778 544 2836 disseruit.
591 2779 723 2848 Quorum
747 2778 916 2835 sententias
939 2778 997 2835 viri
1020 2779 1101 2836 docti
1123 2779 1186 2837 fere
1209 2780 1306 2837 secuti
1330 2776 1438 2855 sunt1).

262 2886 366 2961 Neque
389 2889 490 2943 tamen
515 2904 562 2943 res
587 2903 692 2942 omnes
709 2884 809 2942 claras
826 2902 895 2942 esse
912 2886 1036 2945 docebo.
1070 2886 1170 2961 Atque
1186 2886 1216 2943 in
1232 2886 1280 2943 his
1298 2886 1438 2959 epistulis

262 2993 301 3050 ad
324 2992 498 3050 Trebatium
522 2993 603 3050 datis
628 2992 797 3067 singulares
822 2993 971 3068 quasdam
994 2993 1140 3067 temporis
1161 2992 1289 3051 rationis
1305 2967 1438 3049 difficul-

261 3101 343 3156 tates
366 3100 467 3157 inesse
490 3099 580 3157 facile
604 3100 744 3168 concedo,
778 3100 852 3176 quia
874 3117 922 3157 res
946 3100 1101 3173 publicae,
1135 3100 1245 3175 quibus
1270 3100 1314 3156 uti
1337 3099 1437 3167 liceat,

261 3224 321 3265 non
352 3210 557 3264 memorantur
579 3225 676 3281 neque
700 3207 836 3282 plurimis
860 3206 1016 3281 adscripta
1038 3210 1087 3264 est
1109 3207 1174 3264 dies
1202 3206 1274 3267 ulla
1320 3206 1436 3281 Itaque,

262 3313 289 3370 si
311 3312 394 3371 illam
416 3313 564 3371 rationem
588 3315 724 3372 statuere
747 3314 898 3381 volumus,
924 3331 960 3372 eo
984 3313 1158 3371 accuratius
1183 3331 1262 3388 quae
1285 3330 1440 3387 perpauca

262 3419 374 3489 indicia
404 3420 518 3489 insunt,
549 3438 586 3477 ea
609 3420 697 3478 nobis
720 3420 942 3496 perscrutanda
965 3423 1045 3479 sunt
1090 3421 1190 3494 Atque
1213 3420 1395 3494 incipiamus
1419 3438 1438 3476 a

262 3528 359 3601 prima
382 3527 524 3601 epistula.

599 3720 645 3800 A.
673 3720 731 3801 De
760 3719 944 3818 epistuda
971 3720 1100 3800 V116.

350 3866 482 3922 Koerner
505 3866 616 3923 statuit
638 3865 801 3939 epistulam
818 3883 897 3941 quae
920 3866 968 3923 est
987 3865 1058 3923 fam.
1075 3865 1127 3921 VH
1144 3865 1171 3923 6.
1189 3866 1318 3923 exeunte
1334 3880 1437 3921 mense

259 3973 340 4030 Maio
366 3970 403 4048 (p.
419 3970 578 4048 4041),
604 3973 765 4030 Rauschen
794 3975 897 4029 autem
919 3972 1014 4046 primo
1037 3971 1090 4029 illo
1115 3989 1217 4029 mense
1241 3971 1344 4028 datam
1368 3986 1437 4027 esse

260 4078 298 4155 (p.
316 4078 384 4157 52);
410 4082 488 4137 recte
511 4078 653 4137 viderunt
676 4079 746 4136 usui
770 4096 840 4137 esse
864 4080 973 4137 verba:
1001 4076 1039 4136 Ia
1062 4077 1188 4136 matius
1210 4075 1279 4134 meis
1301 4075 1436 4149 epactalis

349 4254 369 4319 ¹)
389 4252 420 4305 1..
439 4250 636 4315 llendelsohn,
662 4250 699 4306 M.
724 4251 797 4306 'Pulli
815 4250 957 4305 Ciceronis
981 4249 1164 4320 epistularum
1182 4248 1244 4303 libri
1262 4247 1333 4304 XVl.
1355 4248 1436 4316 18933

260 4340 289 4393 O.
308 4340 339 4395 F.
356 4339 401 4396 W.
421 4339 543 4403 Mueller,
563 4356 634 4409 pare.
654 4340 693 4393 III
711 4340 765 4395 vol.
787 4340 810 4393 l.
