3275 4959
750 386 972 443 ..14-

275 584 425 625 summum
446 566 550 623 iudicii
566 564 644 623 diem
666 584 693 623 a.
706 564 733 623 d.
746 565 794 621 IV.
810 563 888 621 Non.
901 564 981 638 Sept.
997 563 1095 621 fuisse
1107 563 1260 620 Asconius
1276 560 1455 639 prodidit¹);

275 690 347 747 ergo
373 672 476 731 Cicero
500 690 527 729 a.
544 673 571 730 d.
590 672 638 730 XI.
662 670 728 729 Kal.
746 671 827 745 Sept.
851 671 945 728 verbo
975 669 1072 728 statim
1103 687 1160 729 suo
1191 670 1255 728 iure
1286 687 1364 728 usus
1395 672 1452 729 est.

362 780 521 838 Postremo
545 779 621 836 haec
639 778 741 837 nescio
759 794 799 834 an
815 777 877 835 sint
894 778 1081 851 argumento.
1119 778 1153 835 A.
1170 777 1197 834 d.
1213 774 1260 835 XL
1278 775 1344 834 Kal.
1359 776 1453 851 Sept,

274 905 343 945 eum
373 886 494 944 Marcus
527 902 607 961 quae
638 888 712 943 sunt
735 884 775 942 III
792 885 817 953 1,
832 884 871 943 17
888 886 920 995 qt
938 883 977 941 18
1009 883 1199 958 scripsisset,
1233 883 1336 953 Quinti
1366 884 1454 943 filius

273 994 357 1052 venit
381 996 412 1051 et
435 994 513 1051 duas
538 991 689 1067 epistulas
714 994 842 1065 epatre
877 993 1020 1065 acceptas
1051 990 1155 1048 Marco
1185 989 1329 1064 legendas
1360 990 1451 1049 dedit.

274 1100 452 1171 Quaerimus
477 1099 535 1168 hic,
569 1117 648 1174 quae
679 1098 771 1157 luerit
802 1115 906 1166 causa,
941 1098 1023 1173 quod
1054 1096 1205 1172 epistulas
1235 1097 1321 1173 ipsas
1351 1097 1453 1156 ferret.

273 1206 379 1282 Neque
403 1208 481 1265 enim
504 1205 566 1264 ullo
597 1205 658 1263 alio
691 1204 891 1281 epistularum
922 1203 990 1262 loco
1020 1204 1169 1262 eiusmodi
1201 1204 1452 1263 consuetudinem

273 1316 471 1373 memoratam
495 1313 718 1387 cognoscimus,
744 1329 928 1387 quamquam
952 1310 1055 1381 Quinti
1078 1310 1224 1368 familiam
1240 1310 1335 1369 multo
1351 1312 1453 1370 rarius

274 1438 365 1497 quam
389 1420 522 1479 Marcum
545 1419 663 1478 litteras
687 1436 707 1475 a
730 1419 841 1489 Quinto
865 1418 1022 1492 accepisse
1050 1418 1102 1475 vix
1126 1417 1305 1475 credendum
1328 1421 1385 1486 est,
1420 1423 1453 1477 et

272 1528 402 1595 Marcus,
421 1527 693 1603 quotienscumque
709 1526 740 1583 in
756 1525 878 1583 domum
890 1524 1077 1600 Pomponiae
1092 1524 1243 1592 veniebat,
1261 1527 1340 1583 certe
1357 1527 1449 1585 etiarn

272 1635 392 1693 litteras
423 1634 527 1693 fratris
558 1633 740 1709 perlegebat,
769 1650 867 1708 neque
897 1632 1064 1707 quidquam
1087 1632 1124 1689 de
1148 1649 1185 1689 ea
1208 1649 1239 1689 re
1261 1632 1346 1690 fratri
1369 1651 1448 1691 nun-

272 1742 364 1801 tiavit
386 1741 447 1799 alio
471 1740 548 1799 loco.
594 1741 669 1797 ’11111
693 1740 785 1814 igitur
808 1738 1005 1813 singularem,
1038 1739 1119 1813 quod
1152 1755 1206 1795 eae
1237 1738 1379 1812 legendae
1407 1741 1447 1799 ad

271 1850 395 1907 fratrem
419 1848 575 1916 ferrentur,
601 1864 728 1905 causam
751 1846 849 1904 fuisse
873 1848 964 1923 put03
989 1863 1086 1903 errare
1109 1845 1200 1919 igitur
1224 1862 1284 1903 101
1301 1846 1447 1915 videmur,

273 1957 300 2015 si
317 1957 394 2013 duas
418 1955 488 2013 illas
512 1953 662 2029 epistulas
687 1953 800 2029 primes
824 1953 922 2011 luisse
945 1970 1103 2011 censemus
1127 1971 1146 2009 a
1162 1952 1273 2022 Quinto
1297 1952 1337 2010 ad
1359 1953 1451 2010 iami—

272 2063 344 2121 liam
377 2079 466 2120 suam
490 2079 505 2119 e
530 2061 688 2119 Britannia
715 2060 836 2118 missas,
891 2060 953 2134 Ipsi
983 2060 1084 2117 animo
1114 2060 1204 2117 facile
1235 2060 1450 2127 informamus,

273 2186 364 2244 quam
388 2168 548 2243 suspensis
573 2167 681 2225 animis
706 2170 736 2225 et
757 2166 879 2224 Marcus
902 2170 933 2225 et
956 2167 1058 2236 Quinti
1088 2167 1206 2224 familia
1236 2169 1309 2242 post
1330 2170 1451 2225 tantam

271 2276 439 2333 litterarum
462 2274 716 2333 intermissionem
730 2274 880 2350 epistulas
897 2274 1149 2349 exspectaverint,
1175 2291 1303 2350 eumque
1325 2275 1450 2332 tandem

271 2383 408 2441 redditae
424 2384 535 2449 essent,
554 2381 683 2439 alterum
699 2382 737 2439 ab
755 2381 851 2439 altero
869 2381 1023 2439 certiorem
1039 2381 1154 2439 iactum
1170 2398 1239 2439 esse
1256 2384 1287 2438 et
1299 2381 1452 2455 epistulas

273 2507 394 2565 quoque
418 2507 437 2546 a
461 2488 562 2558 Quinti
585 2488 703 2546 familia
733 2491 876 2563 acceptas
908 2488 1058 2563 perlegere
1081 2487 1175 2545 Marci
1203 2487 1330 2546 multum
1353 2488 1447 2545 inter-

271 2596 368 2654 fuisse
392 2599 629 2653 consentaneum
653 2598 709 2655 est.
756 2595 814 2652 Sed
839 2598 1003 2669 utcumque
1027 2597 1083 2662 est,
1114 2597 1255 2653 constare
1279 2598 1354 2670 puto
1377 2595 1450 2652 illas

242 2746 243 2751 .
271 2704 390 2761 litteras
407 2721 426 2762 a
443 2702 545 2771 Quinti
567 2700 685 2765 familia
708 2705 853 2778 acceptas
869 2702 966 2759 fnisse
983 2702 1097 2776 primas
1114 2702 1315 2762 Britannicas.
1350 2703 1450 2772 Quare
1564 2722 1572 2748 ι

270 2810 348 2867 inter
382 2826 415 2868 se
449 2827 497 2867 res
533 2810 609 2867 bene
645 2809 838 2867 conveniunt.
895 2808 1017 2866 Marcus
1048 2808 1126 2866 enim
1157 2808 1250 2883 paulo
1282 2811 1449 2883 antequam

271 2916 432 2993 epistulam
449 2916 475 2973 II
495 2916 543 2977 15.
569 2916 722 2982 scriberet,
748 2916 861 2991 primas
878 2915 1069 2972 Britannicas
1086 2919 1254 2990 acceperat,
1281 2934 1318 2974 ac
1341 2917 1450 2974 deinde

271 3023 422 3082 tabellarii
455 3041 482 3083 a
499 3023 526 3082 d.
542 3023 591 3081 ΧΙ.
616 3023 681 3083 Kal.
699 3022 780 3097 Sept
813 3022 928 3079 alteras
959 3021 1159 3081 reddiderunt.
1212 3024 1313 3098 Atque
1345 3023 1450 3092 Quinti

269 3131 386 3188 familia
415 3131 544 3188 totidem
574 3130 732 3205 accepisse
766 3130 902 3187 videtur:
942 3128 1070 3197 alteras,
1107 3130 1137 3186 in
1172 3130 1285 3205 quibus
1321 3130 1357 3187 de
1391 3129 1451 3189 lilii

270 3238 462 3296 institutione
495 3236 584 3313 plura
615 3237 770 3294 induerunt
800 3256 827 3294 a.
849 3236 937 3294 d.XI.
951 3236 1017 3294 Kal.
1034 3236 1116 3312 Sept.
1147 3238 1186 3294 ab
1218 3236 1324 3293 iisdem
1348 3236 1446 3294 tabel-

270 3344 370 3413 lariis;
395 3344 519 3412 alteras,
544 3347 579 3402 ut
601 3344 722 3401 Marcus
736 3344 815 3418 ,ipse
847 3344 959 3411 scribit,
987 3342 1298 3420 conlocantem),
1331 3346 1363 3401 01
1393 3361 1449 3401 eas

271 3451 391 3525 quidem
408 3452 520 3526 primas
538 3450 738 3509 Britannicas.
777 3450 885 3525 Itaque
901 3468 980 3525 quae
996 3451 1070 3507 sunt
1084 3450 1122 3507 111
1141 3450 1167 3517 l,
1181 3449 1327 3509 17.-20.
1344 3450 1452 3525 capita

270 3566 338 3615 cuni
362 3557 494 3632 epistula
516 3558 610 3617 1115.
635 3559 812 3631 congruunt.

360 3664 508 3733 Quoniam
532 3665 607 3722 haec
631 3664 667 3722 de
690 3664 750 3725 illis
775 3664 929 3739 capitibus
953 3682 1020 3723 cum
1045 3664 1178 3739 epistula
1201 3664 1293 3723 1115.
1318 3665 1448 3722 coniun-

269 3771 375 3845 gendis
408 3772 560 3829 sententia
591 3771 669 3829 satis
701 3772 821 3829 videtur
849 3772 981 3846 probata
1012 3789 1090 3840 esse,
1123 3789 1212 3840 nunc,
1246 3789 1325 3847 quae
1348 3788 1386 3829 ex
1409 3788 1449 3828 ea

270 3896 301 3935 re
325 3877 497 3935 alliciantur
521 3879 700 3953 exponenda
723 3880 796 3937 mihi
819 3881 900 3937 sunt.

358 3986 403 4043 Ac
425 3984 554 4060 primum
570 3985 691 4060 quidem
715 3985 878 4061 epistulam
901 3985 929 4043 11
948 3985 996 4046 15.
1013 4004 1040 4046 a.
1057 3985 1084 4044 d.
1101 3985 1150 4044 XI.
1167 3984 1233 4043 Kal.
1250 3985 1331 4059 Sept.
1349 3986 1447 4059 scrip-

269 4095 333 4150 tam
361 4110 429 4151 esse
452 4092 599 4150 videmus.

360 4317 378 4386 11
398 4317 674 4387 Kiessling·Schoell,
694 4334 721 4387 p.
736 4317 776 4371 16.
