3275 4959
703 386 903 445 „3-

212 566 358 627 fecerunt,
383 564 654 639 interpungendum
677 564 727 644 sit,
762 564 836 640 quia
858 563 1071 632 difficultates
1104 564 1142 620 de
1170 563 1283 639 quibus
1313 563 1394 622 intra

212 672 370 740 disseram,
396 672 486 730 valde
510 674 701 745 angerentur,
727 672 755 730 si
778 671 898 729 litteras
918 670 1032 729 alteras
1047 669 1204 746 postridie,
1229 687 1322 745 quam
1338 688 1392 728 su-

213 779 346 854 periores
373 778 532 835 Placentia
562 778 652 835 datae
677 780 758 846 sunt,
792 781 971 853 putaremus
1006 778 1132 846 missas;
1163 793 1243 853 quae
1272 775 1392 835 litterae

211 886 336 955 alterae,
362 904 379 943 e
401 886 470 943 loco
494 885 627 960 quodam
651 886 743 943 datae
767 888 848 953 sunt,
874 884 973 959 quiin
989 884 1146 942 corticibus
1163 902 1239 942 casu
1255 883 1391 941 ablativo

214 993 345 1067 scriptus
369 994 417 1051 est
439 992 641 1051 Blandenonne
664 994 766 1067 atque,
792 1009 861 1049 oum
885 991 1019 1065 epistula
1042 992 1188 1066 superior,
1214 1008 1293 1067 quae
1316 990 1393 1048 data

211 1102 261 1157 est
290 1099 462 1167 Placentia,
493 1099 608 1157 Rornae
638 1098 733 1173 pridie
763 1098 944 1166 redderetur,
981 1097 1066 1155 illum
1096 1096 1196 1155 locum
1228 1099 1391 1156 obscurum

211 1224 306 1281 prope
337 1206 522 1264 Placentiam
553 1206 646 1263 situm
677 1223 746 1263 esse
777 1206 834 1263 viri
865 1205 948 1263 docti
977 1202 1231 1282 concluserrmtll
1284 1204 1391 1279 ltaque

213 1313 266 1370 alii
289 1313 482 1371 coniecerunt
505 1314 541 1371 de
564 1313 667 1371 Laude
690 1312 845 1387 Pompeia,
878 1330 969 1388 quam
1003 1312 1174 1387 opinionem
1205 1312 1258 1369 alii
1287 1329 1390 1387 repro-

212 1421 371 1481 haverunt
429 1420 585 1495 Scriptura
620 1438 695 1477 sane
731 1422 876 1495 corrupta
909 1419 1031 1478 videtur
1062 1437 1146 1488 esse3
1181 1436 1279 1495 neque
1311 1418 1390 1477 enim

211 1526 307 1585 ullum
331 1528 480 1585 eiusmodi
503 1544 612 1584 nomen
636 1527 800 1601 scriptores
828 1529 948 1585 veteres
975 1526 1179 1600 prodiderunt.
1224 1526 1329 1601 Neque
1353 1526 1390 1583 de

212 1635 364 1709 scriptura
387 1633 488 1692 solum
512 1634 712 1691 dubitandum
736 1637 796 1701 est,
830 1634 1052 1692 verumetiam
1083 1650 1136 1690 cur
1159 1633 1272 1691 Caesar
1301 1633 1389 1707 igno-

112 1782 114 1787 ·
209 1740 332 1799 tissime
363 1740 432 1799 loco
468 1758 563 1815 prope
593 1739 779 1799 Placentiam
812 1740 873 1799 sito
908 1740 1052 1809 Quintum
1083 1740 1270 1810 convenerit;
1307 1756 1387 1815 quae

211 1850 314 1905 tamen
338 1847 505 1905 difficultas
529 1848 632 1905 nescio
656 1866 696 1904 an
720 1848 884 1915 minuatur,
917 1846 944 1904 si
967 1846 1087 1905 litteras
1110 1846 1268 1905 Placentia
1298 1847 1388 1905 datas

211 1972 281 2012 sero
305 1954 418 2012 allatas
442 1972 512 2011 esse
535 1971 703 2022 censemus
722 1954 767 2011 ita
789 1956 824 2011 ut
848 1954 1007 2029 aliquanto
1028 1956 1100 2011 ante
1115 1954 1269 2028 proximas
1293 1954 1389 2029 scrip-

214 2064 265 2118 tas
290 2080 343 2119 eas
367 2079 436 2119 esse
460 2078 648 2128 censeamus
673 2060 834 2136 locumque
857 2061 943 2118 illum
965 2062 1103 2135 ignotum
1125 2060 1261 2135 longiore
1284 2061 1388 2137 spatio
1437 2105 1439 2107 -

213 2186 236 2225 a
258 2168 414 2225 Placentia
436 2168 554 2225 abesse.

303 2274 375 2331 Tres
398 2278 499 2331 tamen
523 2277 641 2332 restant
670 2278 829 2348 practerea
859 2274 1067 2333 dubitationes
1098 2292 1135 2332 ac
1167 2275 1272 2349 prima,
1305 2277 1386 2350 quod

210 2380 332 2439 Marcus
356 2380 458 2451 Quinti
481 2380 643 2455 epistulam
666 2380 825 2439 Placentia
851 2382 955 2439 datam
984 2400 1092 2456 reapse
1122 2385 1231 2440 nostra
1260 2400 1387 2457 exspec-

208 2488 327 2545 tatione
351 2488 458 2557 serius,
488 2506 515 2545 a.
532 2488 560 2545 d.
576 2488 624 2546 IV.
648 2487 725 2546 Non.
750 2488 828 2555 Jun,
854 2488 980 2563 accepit.
1004 2489 1045 2547 lis
1069 2489 1160 2557 enim,
1191 2507 1270 2563 quae
1294 2506 1389 2563 supra

209 2595 478 2663 demontravimus,
512 2598 654 2653 constare
685 2596 807 2653 videtur
830 2596 973 2666 Quintum
1000 2596 1081 2653 circa
1111 2595 1265 2653 Kalendas
1289 2596 1387 2655 Maias

209 2704 266 2759 aut
288 2705 418 2759 exeunte
442 2720 544 2759 mense
559 2702 655 2777 Aprili
671 2703 769 2760 Roma
786 2702 976 2760 discessisse.
1016 2702 1099 2759 Unde
1116 2702 1247 2777 amplius
1263 2704 1388 2777 triginta

213 2809 320 2867 diebus
351 2825 430 2883 opus
462 2809 581 2878 luisset,
612 2812 646 2866 ut
669 2810 800 2879 Quintus
824 2810 922 2867 Roma
948 2809 1134 2866 Placentiam
1161 2810 1331 2883 perveniret
1357 2813 1388 2867 et

208 2915 279 2973 inde
302 2915 421 2973 litterae
444 2917 572 2974 Romam
595 2916 804 2991 perferrentur.
844 2916 1003 2990 Facileque
1021 2917 1196 2990 computare
1212 2916 1387 2987 licetQuin·

207 3024 282 3089 tum,
316 3022 344 3080 si
371 3022 438 3081 Kal.
462 3022 532 3081 Mai.
563 3022 660 3081 Roma
692 2999 847 3098 protectus
879 3024 928 3091 sit,
961 3024 1034 3097 post
1065 3022 1275 3080 duodecimum
1306 3025 1387 3080 certe

209 3128 285 3187 diem
310 3128 498 3187 Placentiam
520 3130 622 3187 venire
646 3130 798 3204 potuisse;
832 3148 925 3205 quare
956 3129 1075 3187 litterae
1106 3129 1172 3187 eius
1197 3130 1291 3187 multo
1315 3132 1386 3186 ante

207 3253 277 3297 cum
301 3235 388 3304 diem,
422 3236 475 3310 qui
498 3236 557 3294 fuit
579 3256 606 3294 a.
631 3237 658 3293 d.
682 3236 731 3295 lV.
755 3237 832 3295 Non.
855 3236 935 3305 Jun,
960 3236 1075 3294 Romae
1098 3236 1268 3294 reddendae
1291 3239 1385 3294 erant.

208 3342 304 3400 Cuius
335 3342 527 3401 difficultatis
561 3343 715 3401 tollendae
751 3360 849 3400 causa
879 3343 1013 3401 Koerner
1046 3342 1116 3400 loco
1147 3343 1279 3417 quodam
1309 3343 1388 3401 inter

207 3448 394 3507 Placentiam
418 3452 448 3507 et
471 3450 638 3507 Ariminum
655 3450 757 3524 posito
775 3450 918 3520 Quintum
935 3449 1126 3525 aliquantum
1142 3450 1287 3523 temporis
1304 3467 1386 3508 com-

206 3558 360 3613 moratum
383 3574 452 3614 esse
476 3556 599 3614 statuit:
633 3554 762 3631 Quintus,
785 3560 817 3614 at
840 3556 976 3629 dirimas,
999 3556 1110 3615 incante
1131 3571 1222 3615 mma
1244 3555 1327 3615 Maio
1349 3556 1388 3615 ad

207 3658 358 3720 Gaesarem
387 3679 415 3720 ee
446 3662 614 3736 contulerat,⁸
648 3663 798 3737 apostatant
820 3661 955 3722 Arimino
981 3663 1072 3737 paulo
1101 3666 1166 3721 ante
1188 3661 1259 3722 idus
1288 3662 1387 3721 Maias

205 3766 337 3841 deden&
370 3787 440 3843 qaas
474 3770 586 3829 Tullius
616 3770 763 3829 Placentia
793 3770 877 3829 datas
905 3790 933 3829 a.
956 3770 984 3829 d.
1007 3769 1061 3829 IV.
1085 3769 1161 3829 Non.
1176 3768 1249 3864 ‘Ina
1279 3769 1388 3843 accepit

206 3872 326 3947 littera,
349 3876 410 3947 fera
431 3862 457 3933 α’.
474 3876 501 3935 d.
522 3875 588 3937 VH.
611 3876 679 3935 Kal.
695 3875 760 3935 Inn.
784 3880 865 3935 anat
886 3877 1027 3952 scraptae·
1048 3880 1222 3951 quapropter
1243 3876 1302 3935 sive
1316 3875 1385 3933 Ari·

205 3979 280 4039 mint
301 3981 361 4039 sice
375 3982 538 4041 Placentiae
560 3982 618 4042 siae
641 3982 700 4041 loco
716 3984 838 4057 qaedam
860 3983 1006 4043 laterano
1029 3983 1111 4042 illurn
1127 3982 1237 4058 nnana
1251 3982 1386 4056 amnone

204 4086 332 4159 epatium
355 4092 559 4149 commoratum
581 4108 636 4149 esse
657 4094 784 4165 apparet.
810 4089 931 4166 Quando
953 4096 1047 4150 antem
1069 4094 1095 4149 et
1117 4089 1166 4149 nbi
1183 4090 1222 4148 ad
1238 4087 1386 4147 Caesarea

205 4224 421 4239 -n-——u-

298 4316 318 4385 ¹)
337 4318 371 4370 nt
388 4314 482 4387 'lyrell
501 4318 530 4370 et
548 4314 649 4371 Purser
666 4316 684 4372 l.
697 4332 718 4370 s.
738 4316 835 4371 adnot.
