3275 4959
682 315 902 372 ...27-

202 494 263 551 iam
286 510 396 550 munus
421 493 516 551 inisse
540 493 604 551 sine
628 492 766 567 collega?
797 494 893 568 Atqui
916 512 1014 569 neque
1036 496 1127 552 rebus
1144 496 1273 569 publicis
1289 499 1380 555 tanta

203 600 401 668 comitiorum,
428 599 534 657 dilatio
558 600 711 675 quomodo
734 600 823 657 iacta
848 601 901 670 sit,
918 600 1062 676 explicari
1085 604 1189 676 potest
1218 620 1316 677 neque
1341 620 1378 661 ex

202 706 353 766 (liceronis
369 707 506 765 oratione
523 706 689 782 quidquam
714 708 750 764 de
773 724 810 765 ea
826 710 1032 782 cognoscitur3
1056 725 1127 783 ergo
1144 709 1267 766 comitia
1282 709 1377 783 primo

202 831 283 872 anno
307 814 413 871 habita
437 831 505 871 esse
529 813 769 871 concludendum
793 817 850 874 est.

310 919 376 990 Qua
411 938 442 978 re
477 909 575 978 altera
606 920 696 978 nobis
731 920 851 996 reliqua
886 924 934 979 est
967 922 1060 989 ratio,
1098 940 1160 997 qua
1194 923 1378 981 coniecimus

202 1026 359 1085 Plancium
390 1028 485 1102 primo
518 1044 607 1096 anno,
645 1045 713 1085 cum
744 1028 854 1087 aedilis
886 1033 1007 1105 creatus
1043 1032 1133 1097 esset,
1171 1048 1191 1087 a
1222 1030 1378 1088 Laterensi

203 1136 381 1192 accusatum
434 1134 636 1209 iudiciumque
690 1134 756 1192 eius
802 1152 901 1210 usque
947 1136 986 1192 ad
1033 1139 1197 1194 extremum
1244 1154 1379 1196 mensem

204 1241 347 1299 Sextilem
370 1240 498 1298 dilatum
522 1260 598 1299 esse.
637 1242 721 1312 Quae
745 1242 899 1299 sententia
913 1245 1077 1316 propterea
1100 1242 1200 1300 minus
1220 1245 1378 1317 probanda

204 1350 260 1416 est,
285 1348 367 1423 quod
391 1365 489 1405 causa
508 1348 606 1405 luisse
628 1364 690 1405 non
712 1348 843 1416 videtur,
869 1366 922 1405 cur
944 1366 996 1422 per
1017 1351 1136 1406 tantum
1152 1352 1274 1424 tempus
1296 1350 1377 1407 iudi·

205 1456 281 1513 cium
311 1454 570 1522 intermitteretur,
608 1471 793 1530 quamquam
832 1459 864 1512 et
893 1455 1127 1528 magistratuum
1159 1459 1190 1514 et
1220 1457 1376 1515 hominum

206 1563 407 1620 Romanorum
437 1562 586 1619 interesse
610 1562 740 1620 debebat
763 1561 881 1620 aediles
905 1562 1025 1619 curules
1057 1566 1128 1621 ante
1158 1563 1248 1621 ludos
1273 1564 1376 1638 Mega·

202 1668 318 1736 lenseS,
338 1668 389 1743 qui
404 1668 528 1725 fuerunt
543 1686 645 1726 mense
662 1669 766 1744 Aprili,
793 1686 905 1727 munus
921 1669 1004 1737 inire,
1031 1687 1128 1744 neque
1144 1670 1218 1728 inire
1235 1673 1377 1745 poterant

202 1775 262 1833 nisi
293 1793 389 1833 causa
420 1775 564 1833 iudicata.
610 1775 665 1833 His
697 1776 840 1834 omnibus
873 1778 964 1834 rebus
996 1776 1175 1845 inducimur,
1206 1779 1243 1834 ut
1271 1778 1376 1835 Planci

202 1882 348 1940 iudicium
371 1882 465 1957 primo
490 1900 570 1940 anno
593 1882 690 1942 luisse
715 1900 905 1945 censeamus

294 1989 574 2065 Gravissimumque
609 1993 818 2063 argumentum
854 1991 912 2048 hoc
946 1995 1001 2049 est.
1057 1990 1165 2047 Mirum
1200 1991 1279 2049 enim
1318 1993 1375 2058 est,

203 2096 283 2170 quod
308 2095 409 2153 Cicero
437 2096 468 2153 in
490 2095 575 2153 nulla
598 2096 739 2171 epistula,
773 2114 851 2171 quas
882 2098 1038 2155 mensibus
1062 2097 1185 2168 Quintili
1209 2098 1376 2172 Sextilique

203 2201 241 2259 ad
266 2202 401 2259 Atticum
431 2206 486 2260 aut
517 2203 556 2260 ad
588 2203 711 2261 iratrem
746 2204 838 2271 misit,
875 2204 1041 2279 quidquam
1077 2204 1113 2262 de
1143 2204 1247 2262 Planci
1282 2222 1378 2263 causa

203 2309 390 2376 memoravit,
423 2327 608 2385 quamquam
632 2328 669 2369 ea
692 2328 740 2368 res
763 2311 994 2369 familiarissimi
1018 2312 1076 2377 sui,
1106 2312 1193 2369 cuius
1218 2312 1254 2369 de
1277 2311 1377 2384 ipsius

204 2415 302 2473 salute
333 2417 441 2475 merita
470 2417 502 2474 in
533 2418 670 2474 oratione
695 2418 858 2475 identidem
881 2417 1027 2486 laudavit,
1060 2418 1162 2475 Marco
1193 2418 1378 2492 gravissima

203 2524 269 2580 erat
298 2524 471 2599 mentioque
504 2524 570 2581 sius
601 2526 632 2581 et
655 2524 757 2582 Attico
790 2529 822 2581 et
850 2525 937 2582 fratri
968 2528 1047 2583 certe
1071 2528 1160 2598 grata
1187 2526 1310 2594 fuisset;
1344 2528 1378 2583 at

204 2630 331 2687 aliorum
361 2630 541 2688 indiciorum
572 2631 671 2688 minus
702 2632 841 2705 gravium
875 2634 1050 2689 accuratam
1081 2632 1155 2690 lecit
1185 2632 1376 2690 mentionem.

205 2736 367 2795 Videamus
384 2737 471 2805 enim,
490 2755 569 2812 quae
585 2738 624 2795 ad
641 2739 774 2796 Atticum
791 2739 872 2795 circa
887 2738 953 2795 Kal.
969 2739 1069 2809 Quint.
1087 2739 1241 2812 scripserit
1256 2735 1375 2820 (lVlss).

203 2844 301 2918 Atque
336 2843 451 2918 scripta
485 2844 623 2903 videmus
660 2846 787 2919 copiosa
823 2846 860 2903 de
896 2845 925 2904 (l.
954 2845 1082 2914 Catone,
1119 2846 1156 2903 de
1187 2846 1301 2915 Druse,
1339 2846 1376 2903 de

203 2950 331 3007 Procilio
359 2949 394 3027 )c.
417 2948 457 3026 5),
491 2951 528 3010 de
558 2951 688 3024 singulis
719 2953 894 3010 candidatis
926 2952 1139 3010 consularibus
1163 2951 1198 3029 )c.
1216 2944 1375 3035 6[17,2]).

202 3056 372 3115 Proximam
408 3058 491 3117 misit
525 3058 563 3115 ad
594 3059 727 3117 Atticum
759 3058 923 3134 epistulam
954 3062 1084 3117 exeunte
1116 3078 1219 3117 mense
1251 3058 1377 3129 Quintili

203 3163 325 3242 (ivre),
353 3165 385 3222 in
417 3183 478 3240 qna
507 3165 649 3241 deinceps
682 3167 829 3241 scriptum
859 3169 908 3224 est
929 3165 966 3223 de
991 3165 1021 3223 C.
1045 3166 1161 3224 Catone
1191 3168 1223 3224 et
1244 3165 1376 3223 Procilio

203 3270 238 3348 (c.
256 3270 297 3347 4),
334 3272 371 3330 de
401 3272 599 3330 Reatinorum
629 3274 719 3330 rebus
744 3272 779 3351 (c.
803 3271 843 3348 5),
881 3274 917 3329 de
949 3272 1057 3330 Fontei
1087 3290 1184 3330 causa
1207 3270 1241 3349 (c.
1262 3272 1301 3347 7),
1339 3272 1377 3329 de

203 3378 433 3437 candidatorum
454 3379 659 3437 consularium
676 3380 792 3437 ambitu
810 3379 845 3458 (c.
863 3377 902 3455 7),
928 3379 965 3436 de
980 3379 1074 3437 Messi
1087 3379 1264 3437 defensione
1281 3378 1315 3456 (c.
1334 3376 1374 3454 9),

202 3487 356 3560 postremo
379 3486 449 3543 hoc:
480 3484 591 3544 Deinde
620 3504 663 3543 nac
693 3484 810 3559 eapedio
842 3485 881 3544 ad
903 3485 1042 3558 Dmoam,
1072 3484 1138 3545 inde
1166 3485 1205 3547 cd
1227 3484 1376 3544 Scaurum.

202 3590 351 3651 Paraatur
373 3592 548 3651 orationibus
562 3592 668 3652 iudices
682 3592 808 3669 ploriosi.
839 3592 974 3651 Fortasoe
995 3592 1123 3651 accedat
1145 3592 1230 3651 ctiam
1253 3592 1377 3651 comula

202 3698 354 3773 deamata
377 3700 408 3758 in
430 3700 529 3774 quidm
551 3700 578 3759 si
597 3699 721 3759 Scaurus
742 3718 799 3759 acre
822 3700 920 3772 fuerit,
945 3699 977 3757 in
995 3700 1048 3758 ltoc
1069 3698 1176 3758 iudicio
1201 3698 1280 3757 ualde
1302 3699 1376 3757 debo-

201 3805 279 3864 rabit
301 3804 335 3882 (c.
353 3805 392 3883 9).
431 3807 486 3865 His
510 3808 613 3866 Cicero
636 3808 702 3883 ipse
726 3808 907 3865 iudiciorum
932 3807 1064 3865 ordinem
1089 3807 1234 3882 temporis
1257 3806 1375 3863 ratione

197 3912 376 3971 'institutum
392 3915 536 3989 proponit
551 3932 648 3990 neque
665 3914 769 3971 Planci
787 3932 913 3971 causam
937 3913 999 3971 ullo
1016 3916 1109 3972 verbo
1125 3915 1280 3972 memorat.
1309 3913 1376 3982 Qua

202 4020 400 4079 rationeviri
423 4021 505 4079 docti
525 4022 603 4079 hanc
625 4020 835 4078 difficultatem
859 4020 1074 4094 expediverint
1100 4020 1238 4095 equidem
1261 4019 1374 4077 nescio.

292 4128 485 4202 Eandemque
514 4129 648 4186 ordinem
671 4129 702 4185 in
727 4127 870 4203 epistula,
903 4146 995 4203 quam
1027 4128 1065 4184 ad
1096 4128 1220 4184 fratrem
1243 4126 1310 4182 ad.
1327 4124 1374 4182 XL

202 4232 268 4290 Kal.
293 4234 375 4309 Sept
406 4235 489 4292 misit
520 4230 639 4313 (1115),
672 4235 853 4293 invenimus
906 4234 1039 4291 Primum
1070 4236 1254 4291 memoratur
1283 4232 1374 4289 Drusi

255 4340 369 4398 Kapells.
1179 4333 1197 4386 3
