3275 4959
644 368 974 461 ,‘2²‘

275 545 323 603 his
347 545 465 603 verbis:
494 544 562 603 Veni
583 563 658 605 uuus
679 544 717 603 od
739 549 802 605 tuus
826 546 943 619 litteras,
966 564 1036 620 quos
1053 546 1187 620 plurilus
1209 545 1337 620 epistulis
1350 545 1460 619 occepi,

273 651 343 719 duro
367 669 430 710 sum
460 651 490 711 iu
512 650 650 725 Arpinati
656 670 666 727 ;
690 696 792 711 .....
816 670 873 711 uuo
897 652 1031 727 plurilus
1062 654 1167 727 nume,
1196 653 1229 713 iu
1251 672 1307 727 quo
1323 654 1459 727 primum

273 762 352 829 eret,
382 759 455 834 quod
485 758 629 835 antiquior
656 759 714 818 dios
740 760 772 819 iu
799 759 856 819 tuis
882 759 983 833 fuisset
1008 760 1155 833 adscitum
1182 760 1285 819 litteris
1308 778 1394 836 qum
1425 759 1458 818 iu

274 863 415 925 Oeuorts.
453 863 490 923 Id
512 866 585 939 fecit
602 864 711 939 Oppius
725 884 781 925 ooo
795 881 948 942 numm
961 866 1127 939 uecusouo,
1150 870 1190 940 ut,
1213 883 1280 928 eum
1294 865 1459 924 toletum

275 972 376 1031 condit
434 972 451 1029 't
472 972 581 1031 mittere
604 972 763 1049 litterasque
784 992 804 1031 o
825 972 905 1032 uobis
926 972 1071 1047 coemerit,
1102 973 1198 1049 oliquo
1221 991 1252 1031 re
1273 989 1347 1031 uoco
1369 972 1458 1045 impe·

273 1077 373 1137 (lietu
402 1083 427 1137 et
456 1080 612 1139 uecusorio
639 1080 729 1139 serios
758 1098 842 1156 wem
865 1082 1048 1140 constituerat
1068 1080 1178 1153 radat,
1200 1097 1286 1155 aeque
1306 1096 1358 1139 uos
1380 1078 1459 1137 dotis

273 1185 334 1244 iou
364 1185 492 1259 epistulis
518 1186 592 1245 dieu
623 1186 791 1245 commutari
813 1204 941 1246 aremus
964 1183 1003 1268 (c
1019 1187 1059 1265 8).
1104 1187 1226 1245 Marcus
1249 1187 1355 1260 igitur,
1386 1204 1456 1244 cum

275 1292 426 1367 epistulas
458 1294 536 1352 duas
565 1313 617 1369 per
647 1294 823 1352 tabellarios
848 1294 1041 1369 perferendas
1066 1295 1161 1370 Oppio
1185 1294 1287 1361 daret,
1320 1294 1457 1369 quadie

275 1399 366 1457 datae
383 1403 477 1469 erant,
503 1401 541 1459 iis
558 1401 773 1477 adscripserat.
812 1402 926 1476 Oppius
943 1404 1054 1469 autem,
1077 1419 1143 1459 curn
1160 1401 1338 1459 tabellarios
1354 1401 1456 1458 serius

276 1524 368 1581 quam
391 1508 532 1566 voluerat
555 1508 694 1577 mitteret,
720 1508 750 1565 in
775 1508 884 1565 litteris
909 1508 1032 1566 Caesari
1056 1508 1187 1581 scriptis
1213 1526 1291 1584 quas
1315 1526 1335 1565 a
1350 1508 1456 1565 Marco

275 1617 435 1690 acceperat
459 1615 537 1672 diem
561 1616 700 1674 mutavit.
747 1616 830 1686 Quae
854 1633 902 1673 res
926 1616 1078 1685 Quintum,
1104 1615 1178 1691 quia
1200 1615 1232 1672 in
1255 1615 1322 1673 eius
1344 1614 1457 1672 litteris

275 1721 430 1796 antiquior
461 1721 527 1779 dies
559 1724 679 1780 mutata
706 1739 767 1779 uon
798 1724 879 1789 erat,
914 1725 949 1779 ut
980 1739 1105 1780 oausam
1129 1740 1145 1779 e
1165 1722 1261 1780 tratre
1286 1724 1455 1797 quaereret,

274 1830 420 1885 moverat.
452 1828 536 1886 Unde
552 1828 619 1896 hoo,
642 1829 722 1903 quod
740 1832 787 1886 est
802 1829 1026 1901 gravissimum,
1052 1829 1274 1903 cognoscimus,
1292 1827 1454 1903 epistulae,

274 1952 354 2010 quas
377 1934 498 1993 Marcus
526 1936 618 2011 paulo
650 1938 722 2011 post
744 1955 770 1995 a.
788 1936 815 1994 d.
831 1936 878 1993 III.
894 1936 970 1997 Non.
987 1936 1051 1994 Iun.
1076 1938 1107 1993 ct
1128 1937 1168 1993 ad
1192 1936 1336 2005 Quintum
1360 1937 1392 1993 et
1414 1935 1456 1992 ad

274 2042 433 2100 Gaesarem
466 2044 564 2113 dedit,
597 2042 693 2101 multo
724 2046 796 2118 post
824 2043 921 2101 Roma
946 2043 1029 2101 latas
1053 2061 1138 2112 esse,
1171 2042 1217 2099 ita
1244 2045 1280 2100 ut
1302 2059 1456 2100 summum

274 2150 415 2207 extremis
447 2151 560 2209 mensis
584 2150 660 2208 Iunii
688 2150 795 2208 diebus
819 2150 869 2207 vul
891 2151 995 2225 potius
1018 2150 1141 2208 ineunte
1164 2149 1290 2221 Quintili
1311 2150 1399 2207 tratri
1422 2150 1456 2206 in

274 2258 364 2330 portu
388 2256 456 2326 ltin,
481 2258 534 2315 ubi
550 2260 614 2315 tum
638 2257 706 2325 fuit,
732 2276 791 2315 sua
813 2258 898 2315 reddi
913 2260 1028 2331 posset.
1060 2256 1201 2315 Camillo
1225 2257 1294 2330 ipso
1318 2259 1455 2332 tempore

275 2362 443 2419 litterarum
466 2364 650 2423 intermissio
675 2368 768 2432 esset,
793 2366 830 2422 de
855 2383 917 2440 qua
940 2364 1049 2439 scripsi
1073 2363 1111 2442 (p.
1128 2361 1281 2439 20—21),
1311 2364 1453 2434 Quintus,

274 2472 309 2527 ut
331 2470 369 2527 M.
394 2470 453 2527 Orii
477 2470 648 2546 epistulam,
674 2471 720 2529 ita
743 2472 820 2529 hanc
846 2489 968 2547 quoque
991 2472 1137 2547 reposuit,
1162 2474 1198 2529 ut
1213 2472 1307 2546 primo
1329 2488 1454 2547 quoque

273 2578 408 2651 tempore
439 2581 511 2653 post
534 2595 623 2636 suum
646 2579 678 2635 in
701 2579 890 2636 Britanniam
914 2579 1079 2637 adventum
1101 2580 1305 2653 responderet.
1351 2579 1454 2653 Atque

274 2700 342 2741 cum
366 2684 479 2759 primas
504 2703 519 2741 e
543 2685 701 2743 Britannia
724 2686 811 2743 daret
826 2685 976 2760 epistulas
992 2686 1032 2743 ad
1046 2686 1180 2743 Marcum
1204 2687 1288 2744 etad
1304 2685 1453 2743 familiam

273 2809 372 2860 suam,
397 2792 580 2850 rescribendi
602 2795 722 2867 tempus
747 2793 896 2851 nonfuit.
944 2793 1016 2850 Cum
1041 2796 1143 2852 autem
1165 2793 1274 2851 iterum
1297 2792 1451 2860 scriberet,

273 2901 394 2973 tempus
418 2900 519 2973 ipsum
542 2900 689 2957 habuisse
712 2899 845 2968 videtur,
871 2902 907 2957 ut
929 2900 967 2957 ad
991 2900 1125 2957 Marcum
1149 2900 1186 2957 dc
1210 2900 1277 2957 eius
1299 2899 1453 2973 legatione

273 3004 437 3082 (1111,18)
461 3006 630 3083 paucisque
653 3008 788 3065 fortasse
811 3007 881 3065 aliis
904 3010 996 3065 rebus
1021 3010 1051 3064 ct
1073 3008 1113 3064 ad
1135 3006 1282 3064 familiam
1305 3008 1342 3063 de
1357 3006 1454 3064 Marci

274 3112 407 3187 epistula
423 3114 461 3170 ab
480 3113 560 3171 Orfio
577 3117 704 3189 accepta
720 3114 904 3173 rescriberet.
943 3113 1105 3171 Tabellarii
1120 3114 1198 3171 enim
1214 3113 1309 3171 Iuliae
1325 3116 1452 3171 mortem

273 3220 450 3277 nuntiantes
479 3221 583 3278 subito
612 3223 758 3279 venerant
781 3223 812 3278 et
834 3239 896 3278 non
919 3221 1012 3294 longa
1034 3238 1119 3278 mora
1140 3220 1323 3295 interposita
1345 3220 1452 3278 alteris

273 3326 400 3384 Romam
423 3327 675 3401 proficiscendum
701 3330 774 3385 erat.
813 3328 898 3385 Unde
921 3330 1041 3402 tempus
1058 3328 1169 3397 Quinto
1192 3345 1253 3385 non
1270 3327 1330 3384 fuit
1346 3326 1451 3401 copio-

273 3434 339 3491 sius
370 3434 499 3492 seribere
528 3436 558 3491 et
586 3452 664 3509 quae
693 3435 720 3491 ei
751 3435 790 3492 ad
813 3434 907 3492 Marci
935 3435 1096 3509 epistulam
1121 3434 1211 3493 1113.
1238 3433 1452 3509 respondenda

273 3543 377 3607 crant,
410 3542 449 3598 ad
477 3542 647 3616 proximam
679 3542 844 3616 epistulam
874 3542 994 3607 reiecit,
1027 3559 1106 3616 qnae
1137 3541 1270 3598 maxima
1296 3558 1450 3599 unacum

273 3647 410 3722 pluribus
443 3648 539 3707 missa
570 3653 618 3707 est
642 3647 693 3725 (ΙΙΙ
713 3649 738 3717 1,
754 3648 794 3726 8).
841 3649 946 3724 ltaque
976 3651 1085 3724 putare
1115 3649 1187 3706 licet
1216 3648 1295 3705 hanc
1323 3648 1449 3723 primam

272 3754 369 3812 fuisse
393 3755 519 3813 missam
543 3774 559 3813 e
582 3756 681 3814 tribus
705 3756 774 3817 illis.

360 3861 474 3919 Deinde
490 3862 610 3920 Marcus
635 3863 710 3921 haec
733 3864 867 3938 scripsit:
893 3862 975 3937 Quod
989 3862 1043 3921 tui
1056 3880 1118 3921 meo
1126 3862 1280 3937 permissio
1294 3860 1451 3920 mouaouis

272 3971 336 4027 tuoe
357 3972 441 4043 proto
462 3973 510 4041 est,
533 3968 565 4028 iol
587 3987 634 4045 eqo
656 3986 764 4027 summo
787 3987 847 4029 meo
870 3970 967 4029 dolore
988 3973 1015 4027 et
1036 3969 1182 4038 desidemo,
1207 3974 1299 4028 tomen
1318 3986 1354 4026 eoo
1363 3972 1451 4041 porte

271 4076 377 4151 qoudeo
393 4075 442 4153 (111
461 4076 543 4154 aa).
581 4077 681 4134 Etiam
705 4094 742 4134 ea
764 4078 859 4134 verba
882 4077 922 4134 ad
945 4077 1108 4152 epistulam
1128 4077 1155 4133 ll
1175 4077 1223 4134 13.
1238 4076 1341 4135 referri
1360 4078 1448 4150 puto;

272 4200 343 4240 nam
365 4186 434 4241 tota
456 4184 532 4241 haec
556 4184 689 4258 epistula
712 4184 872 4259 permissio
897 4185 1047 4259 quaedam
1070 4183 1239 4241 mansionis
1261 4183 1319 4240 dici
1335 4185 1446 4258 potest,

273 4290 347 4364 quia
368 4290 489 4349 Marcus
513 4291 656 4364 gaudium
681 4308 771 4348 suum
793 4291 966 4364 professus,
992 4291 1075 4365 quod
1097 4290 1220 4349 fratrem
1242 4290 1368 4348 haberet
1390 4292 1450 4347 tom

1619 971 1626 1040 Ἰ
