3275 4959
746 347 967 405 „38-

268 524 371 601 copito,
413 524 444 584 ta
482 524 681 585 ambulationis
722 528 830 597 tempos
866 524 927 597 fara
968 526 1091 597 confero.
1143 524 1236 599 Atqui
1274 542 1373 599 neque
1413 524 1445 580 in

268 633 424 708 superiore
456 631 589 707 epistula
612 632 641 689 2.
673 644 770 707 neque
801 631 832 688 in
860 632 999 707 proxima
1021 633 1060 701 4,
1096 648 1177 713 quae
1208 633 1248 689 ab
1280 648 1317 689 ea
1349 629 1444 705 paulo

269 740 393 807 distant,
419 740 485 797 eins
508 739 626 813 generis
651 738 790 813 querelae
814 738 921 795 insunt
943 756 1042 814 neque
1065 756 1187 807 causae,
1220 738 1332 813 quibus
1356 754 1443 794 omne

269 864 358 903 sunm
374 848 495 920 tempus
508 849 706 913 consumeret,
733 845 921 903 memoravit.
953 845 1064 903 Gabini
1087 846 1166 903 enim
1182 862 1275 903 unum
1299 844 1445 902 iudicium

268 955 333 1012 tum
364 952 462 1010 luisse
485 953 614 1017 videtur,
648 952 679 1009 in
711 969 772 1027 quo
798 952 901 1009 Cicero
933 970 994 1009 non
1026 952 1167 1009 defensor
1189 951 1238 1008 vel
1270 954 1443 1028 accusator,

270 1060 324 1117 sed
354 1060 444 1117 testis
475 1060 535 1117 luit
563 1058 603 1134 (4,
619 1058 662 1137 3),;
698 1075 767 1133 ergo
803 1076 872 1117 eum
895 1076 1016 1117 reorum
1051 1059 1154 1117 causis
1189 1076 1291 1117 mense
1322 1057 1445 1115 Octobri

268 1165 358 1223 valde
383 1169 564 1241 occupatum
587 1166 684 1224 fuisse
708 1166 754 1233 iis,
786 1183 866 1241 quae
890 1166 926 1222 de
950 1166 1041 1223 rebus
1064 1165 1195 1239 publicis
1219 1164 1441 1239 cognoscimus

268 1290 329 1331 non
354 1273 558 1332 confirmatur.
605 1273 712 1347 ltaque
737 1273 836 1330 denuo
860 1273 898 1330 ad
925 1272 1008 1329 aliud
1030 1274 1150 1347 tempus
1174 1272 1319 1329 ducimur.

359 1379 474 1450 Quibus
499 1379 641 1437 omnibus
665 1379 853 1453 argumentis
878 1379 992 1436 clarum
1015 1379 1075 1436 iam
1098 1379 1219 1435 videtur
1242 1395 1311 1435 esse
1328 1378 1443 1451 epistu-

268 1486 328 1543 lam
354 1487 382 1544 3.
406 1468 443 1543 61(
467 1487 587 1545 duabus
612 1486 751 1561 partibus
776 1486 884 1544 alienis
909 1486 1110 1560 compositam
1133 1485 1323 1560 prioremque
1348 1484 1442 1542 multo

269 1596 339 1651 ante
372 1593 499 1651 alteram
531 1593 677 1668 scriptam
708 1611 784 1651 esse.
838 1594 882 1650 Ac
914 1593 942 1649 si
973 1592 1173 1650 demonstrari
1204 1594 1307 1666 potest
1338 1608 1443 1650 omncs

268 1700 337 1759 illas
366 1718 423 1768 ree,
458 1717 535 1774 quas
560 1718 579 1757 a
601 1717 704 1757 mense
729 1700 850 1757 Octobri
882 1699 999 1757 alienas
1024 1716 1092 1756 esse
1117 1698 1254 1773 exposui,
1287 1698 1326 1755 ad
1359 1696 1444 1755 aliud

268 1810 388 1881 tempus
410 1809 486 1864 bene
509 1806 621 1875 referri,
648 1807 818 1865 certissima
841 1824 890 1863 res
913 1805 957 1864 iit.

357 1914 522 1971 Videamus
538 1930 627 1993 nunc,
644 1930 704 1988 quo
720 1916 855 1988 tempore
871 1914 953 1987 prior
968 1912 1116 1987 epistulae
1133 1913 1161 1970 3.
1178 1930 1249 1988 pars
1266 1930 1286 1969 a
1302 1899 1443 1969 Cicerone

269 2021 383 2096 scripta
406 2019 454 2078 sit.
500 2022 601 2095 Atque
626 2021 673 2090 iis,
707 2038 785 2095 quae
818 2022 892 2077 sunt
915 2021 950 2077 dc
983 2020 1158 2095 suspicione
1186 2019 1337 2095 pactionis
1369 2037 1443 2077 con·
1517 2061 1519 2064 -

147 2127 149 2129 ’
268 2127 378 2197 sulum,
412 2129 482 2184 ante
506 2144 639 2185 mensem
664 2127 869 2201 Septembrem
893 2127 954 2184 iam
979 2127 1100 2184 deducti
1124 2144 1239 2184 sumus.
1287 2127 1350 2183 lam
1374 2144 1443 2183 cum

267 2236 361 2292 verba
385 2234 420 2291 dc
444 2234 612 2291 litterar-um
644 2234 869 2293 intermissione
903 2235 985 2291 dicta
1015 2234 1203 2301 adhibemus
1236 2251 1303 2291 eam
1326 2236 1444 2307 partem

268 2345 340 2398 ante
355 2341 480 2415 primam
505 2341 667 2415 epistulam
685 2341 890 2399 Britannicam
915 2360 935 2399 a
949 2341 1052 2399 Marco
1077 2342 1233 2416 acceptam
1256 2340 1443 2398 referendam

269 2465 337 2504 esse
372 2447 582 2522 intellegimus.
638 2448 745 2523 ltaque
776 2449 854 2506 inter
878 2448 1030 2523 epistulas
1053 2447 1148 2506 1114.
1172 2450 1203 2505 61
1229 2448 1277 2505 15.
1301 2446 1443 2521 ponenda

268 2557 324 2612 est.
371 2554 445 2611 Tum
477 2554 554 2612 enim
577 2554 669 2629 longa
701 2554 870 2612 litterarum
900 2555 1086 2613 intermissio
1117 2555 1184 2623 luit,
1218 2556 1248 2612 id
1281 2555 1363 2630 quod
1394 2554 1442 2611 bis

268 2663 360 2719 rebus
392 2663 485 2736 patet.
532 2661 672 2736 Epistula
695 2662 782 2719 1115.
807 2680 834 2719 6.
857 2663 883 2720 d.
905 2662 953 2719 ΧΙ.
973 2661 1040 2721 Κ61.
1063 2662 1145 2736 Sept.
1168 2662 1282 2736 scripta
1312 2664 1360 2719 est
1389 2655 1442 2741 (ci.

268 2786 296 2842 p.
310 2764 377 2849 14),
404 2770 569 2843 postquam
592 2768 685 2842 paulo
710 2771 781 2825 ante
805 2770 919 2844 primae
942 2768 1062 2826 litterae
1086 2787 1102 2825 e
1125 2768 1284 2826 Britannia
1307 2768 1442 2825 advene-

267 2877 351 2944 runt;
387 2875 519 2949 epistula
551 2878 653 2933 autem
681 2875 728 2933 14.
763 2894 865 2933 mense
897 2875 1022 2945 Quintili
1054 2876 1128 2933 data
1160 2875 1258 2933 elucet
1290 2878 1442 2932 extremas

139 2980 141 2985 '
186 2995 189 2999 ·
268 2980 401 3038 Gallicas
430 2984 522 3039 antea
544 2982 679 3039 redditas
708 3000 784 3052 esse,
811 2983 961 3058 quoniam
986 2983 1063 3040 inter
1086 2981 1235 3057 epistulas
1261 2982 1309 3040 14.
1334 2985 1365 3039 et
1391 2981 1442 3039 15.

267 3087 353 3145 nulla
376 3088 438 3145 alia
460 3088 586 3147 interest
609 3106 707 3164 neque
723 3092 788 3147 tum
812 3090 890 3147 alias
907 3089 1041 3147 Gallicas
1062 3089 1225 3147 advenisse
1241 3089 1442 3146 demonstrari

267 3198 378 3268 potest.
417 3195 572 3253 Habemus
596 3196 688 3271 igitur
703 3196 897 3255 intervallum
922 3196 1000 3255 satis
1016 3214 1168 3270 magnum,
1195 3214 1255 3271 quo
1272 3195 1442 3253 litterarum

267 3302 451 3360 intermissio
474 3301 540 3359 luit.
587 3303 644 3361 Sed
670 3304 848 3378 priusquam
880 3304 916 3360 de
948 3322 986 3361 ea
1015 3321 1047 3361 re
1077 3304 1252 3361 accuratius
1281 3303 1440 3370 disseram,

267 3426 338 3465 num
362 3409 441 3466 aliae
464 3426 513 3467 res
537 3410 729 3478 conveniant,
754 3410 965 3485 inquirendum
988 3413 1044 3469 est.

356 3516 456 3591 Atque
489 3534 591 3574 mense
624 3516 739 3583 Sextili,
775 3520 939 3591 antequam
971 3515 1105 3592 epistula
1126 3516 1215 3574 1115.
1249 3516 1439 3584 scriberetur,

266 3621 356 3678 166116
379 3622 445 3679 lieri
468 3625 597 3697 poterat,
624 3626 659 3679 ut
682 3623 717 3680 de
741 3623 794 3680 illa
817 3624 958 3697 pactione
982 3623 1141 3681 consulum
1165 3626 1196 3681 et
1215 3624 1343 3681 duorum
1367 3640 1440 3681 can-

267 3728 439 3786 didatorum
463 3729 541 3787 clam
564 3729 647 3787 facta
678 3743 813 3788 rumores
838 3723 919 3804 apud
943 3731 1080 3788 homines
1103 3731 1259 3788 Romanos
1282 3732 1387 3787 essent
1410 3733 1441 3786 et

268 3835 403 3910 suspicio
427 3839 585 3910 pactorum
608 3837 809 3912 praemiorum
839 3837 870 3894 in
893 3837 958 3895 dics
982 3840 1151 3911 augeretur.
1196 3837 1337 3895 Ambitus
1361 3836 1441 3894 enirn

266 3941 311 3999 ita
339 3942 473 4011 ardebat,
508 3945 541 4000 ut
571 3943 674 4001 idibus
699 3944 798 4014 Quint.
830 3944 940 4001 faenus
970 3944 1058 4001 fieret
1087 3944 1231 4001 bessibus
1263 3961 1301 4001 ex
1331 3943 1440 4001 triente

267 4046 330 4123 (Qu.
347 4048 382 4106 fr.
398 4049 424 4106 11
441 4048 489 4117 14,
500 4049 533 4118 4;
557 4051 618 4107 Α11.
634 4050 674 4107 IV
689 4050 739 4119 15,
751 4048 789 4123 7).
825 4051 960 4109 Exeuute
984 4052 1052 4125 ipso
1076 4068 1178 4108 meuse
1195 4050 1319 4120 Quintili
1336 4050 1440 4107 Cicero

267 4155 306 4211 ad
331 4156 463 4213 Atticum
495 4157 570 4214 baec
593 4156 701 4229 gravia
733 4156 869 4231 scripsit:
900 4156 1068 4214 Memmium
1090 4155 1223 4215 06666616
1253 4174 1346 4215 omncs
1376 4173 1442 4229 opas

267 4259 444 4331 contrabant.
499 4260 570 4320 Cam
604 4279 634 4321 eo
667 4261 830 4321 Domitiam
862 4262 986 4322 consules
1021 4262 1181 4336 16666661,
1215 4280 1269 4338 666
1297 4263 1439 4336 porticae,
