3275 4959
739 1239 842 1320 Pars.
870 1240 892 1319 l.

349 1466 351 1469 -
404 1400 449 1497 le
482 1398 633 1521 epistulis
665 1400 709 1497 el
742 1399 900 1554 ipuiulm
929 1400 1072 1498 futen
1105 1400 1207 1499 lulis,

252 1648 299 1729 A.
327 1650 385 1729 De
413 1648 554 1741 Quinti
583 1648 796 1730 Ciceronis
824 1647 979 1730 itinere
1007 1670 1118 1731 anno
1148 1672 1187 1731 a.
1216 1649 1308 1731 Chr.
1336 1673 1377 1731 n.

415 1775 511 1855 LIV.
540 1774 712 1855 ineunte
741 1775 797 1855 ad
826 1772 1052 1855 Gaesarem
1081 1774 1211 1856 facto.

315 1920 502 1995 Quamquam
536 1920 589 1995 qui
620 1920 657 1979 do
679 1920 717 1978 M.
741 1920 821 1977 Tulli
852 1919 1004 1977 Ciceronis
1036 1920 1176 1994 epistulis
1209 1922 1404 1979 commentati

226 2029 299 2085 sunt
331 2027 426 2085 multa
457 2027 493 2084 de
518 2027 622 2097 Quinti
653 2026 805 2084 Ciceronis
837 2026 944 2084 itinere
976 2044 1056 2083 anno
1081 2045 1108 2085 a.
1133 2026 1198 2087 Ghu.
1214 2045 1243 2085 n.
1267 2027 1339 2085 LIV.
1363 2028 1404 2085 ad

227 2134 386 2191 Caesarem
416 2134 499 2191 facto
524 2134 725 2208 protulerunt,
758 2136 794 2190 ut
817 2134 854 2189 de
878 2151 915 2192 ea
938 2150 969 2191 re
1002 2134 1102 2191 denuo
1134 2134 1264 2192 scribere
1296 2153 1403 2210 snper-

224 2257 392 2298 vacaneum
423 2258 491 2298 esse
521 2242 672 2309 videatur,
704 2240 883 2315 praesertim
914 2257 980 2297 cum
1013 2236 1207 2321 Ranschen1)
1240 2241 1276 2298 de
1311 2242 1402 2300 certis

224 2347 316 2405 huius
329 2347 370 2404 rei
382 2347 605 2405 rationionibus
618 2347 791 2405 statuendis
805 2347 926 2405 omnino
939 2347 1160 2422 desperandum
1173 2366 1242 2406 esse
1255 2349 1399 2417 docuerit,

223 2457 326 2511 tamen
349 2471 417 2511 curn
440 2457 582 2512 accurate
606 2454 794 2530 exploratam
810 2472 872 2511 non
888 2472 957 2512 esse
973 2472 1035 2512 rem
1050 2455 1205 2523 vidissem,
1231 2457 1268 2514 dc
1283 2456 1401 2530 integro

148 2546 150 2549 ¹
223 2561 263 2618 ad
287 2578 354 2619 eam
378 2561 519 2619 accedere
550 2562 693 2619 institui·
732 2560 838 2637 Neque
870 2561 907 2619 dc
938 2562 1088 2629 omnibus,
1121 2580 1201 2637 quae
1231 2563 1268 2621 de
1299 2563 1402 2633 Quinti

223 2667 329 2724 itinere
355 2668 454 2725 adhuc
479 2668 593 2742 scripta
624 2670 704 2737 sunt,
738 2669 830 2725 huius
862 2668 921 2725 loci
954 2671 1001 2725 est
1032 2668 1181 2726 disserere
1213 2670 1399 2744 singillatim,

226 2774 334 2832 sedin
358 2774 474 2832 medias
498 2792 547 2832 res
571 2778 607 2832 ut
629 2776 674 2832 ita
697 2775 794 2833 dicam
818 2775 1002 2850 progrediar.

313 2882 357 2939 Ac
388 2882 485 2956 prima
501 2876 681 2939 'difficultas
714 2885 762 2940 est
793 2882 830 2940 de
861 2884 1011 2957 tempore,
1050 2899 1110 2956 qno
1143 2883 1272 2953 Quintus
1304 2883 1402 2941 Roma

126 3064 128 3067 y
225 2988 410 3046 discesserit.
457 2988 500 3045 De
525 3006 587 3063 qna
609 2991 645 3046 ut
668 2988 837 3053 diiudicem,
863 2992 956 3046 antea
978 2989 1074 3047 verba
1097 3007 1117 3045 a
1139 2988 1241 3046 Marco
1265 2990 1305 3046 ad
1320 2990 1401 3047 Atti-

222 3112 290 3151 cum
314 3095 441 3170 scripta:
470 3092 612 3153 Vestorius
626 3098 721 3153 cester
736 3113 779 3153 rae
796 3113 853 3169 per
868 3094 977 3153 litteras
999 3094 1073 3167 facit
1096 3095 1243 3153 certiorem
1265 3098 1291 3153 te
1305 3095 1402 3154 iterna

221 3220 247 3259 a.
268 3200 294 3259 el.
323 3199 372 3259 VI.
396 3198 441 3259 Id.
464 3200 562 3260 illatas
578 3198 620 3279 -Ι-
635 3196 741 3275 petere
758 3202 922 3275 profectum
944 3219 1000 3260 esse
1022 3201 1147 3274 tardior,
1171 3220 1255 3276 quare
1277 3202 1402 3275 dimas,

220 3307 410 3381 quodminus
431 3308 575 3367 valuisses.
605 3309 654 3386 (IV
673 3309 722 3377 14,
752 3307 779 3385 ll
803 3309 1031 3384 interpretanda
1054 3310 1134 3367 sunt.
1188 3310 1289 3385 Atque
1312 3310 1401 3366 dubi-

220 3416 308 3483 tatio,
339 3433 418 3491 quae
442 3418 490 3473 est
513 3416 549 3473 de
573 3417 710 3474 codicum
735 3417 887 3492 scriptura
904 3419 1023 3489 pretore,
1054 3417 1103 3474 oui
1134 3416 1186 3473 alii
1217 3416 1278 3473 alio
1309 3417 1400 3474 modo

221 3518 448 3599 medebanturil
473 3523 513 3580 ad
536 3524 615 3580 hanc
639 3524 851 3598 quaestionem
875 3523 989 3581 nullius
1014 3526 1062 3581 est
1077 3524 1233 3591 momenti;
1257 3524 1400 3598 primum-

221 3645 280 3702 que
304 3646 341 3685 ex
363 3627 424 3687 illis
448 3629 549 3687 verbis
574 3630 786 3704 cognoscimus
811 3631 894 3688 haec.
942 3629 1015 3687 llum
1037 3630 1158 3687 Atticus
1175 3648 1202 3688 a.
1219 3630 1246 3688 d.
1262 3630 1310 3690 VI.
1327 3629 1399 3687 Idus

221 3734 321 3793 Maias
346 3735 445 3793 Roma
468 3735 712 3810 proficisceretur
733 3736 782 3793 vel
807 3736 962 3812 profectus
995 3754 1063 3794 esse
1087 3737 1245 3805 diceretur,
1278 3736 1399 3794 Marcus

219 3858 280 3899 non
303 3841 427 3911 Romae,
454 3843 517 3911 sed,
548 3842 583 3900 ut
606 3843 739 3917 epistula
771 3861 851 3917 quae
883 3846 931 3901 est
954 3844 1007 3914 Qu.
1031 3844 1066 3901 fr.
1090 3843 1178 3902 1112.
1203 3846 1334 3910 constat,
1367 3844 1399 3900 in

221 3947 354 4007 Cumano
388 3949 438 4006 vel
469 3950 655 4024 Pompeiano
688 3952 760 4007 erat.
784 3950 899 4007 Deinde
922 3951 1043 4008 Atticus
1076 3951 1260 4025 quibusdam
1292 3950 1398 4007 diebus

310 4139 328 4209 1)
347 4138 548 4209 Ephomerides
568 4139 721 4204 Tullianae,
741 4140 868 4205 Bonnae,
889 4140 958 4195 188ss
976 4157 1003 4209 p.
1016 4140 1060 4195 53.

308 4228 328 4297 ²)
347 4228 385 4284 of.
404 4228 434 4284 C.
452 4228 483 4284 F.
503 4228 547 4283 W.
566 4228 690 4293 lllneller,
710 4229 745 4283 M.
760 4228 834 4283 'lulli
853 4229 994 4284 Ciceronis
1016 4229 1130 4299 scripta,
1150 4231 1221 4299 part.
1240 4228 1288 4283 ΠΙ,
1305 4227 1362 4282 vol.
1383 4227 1396 4280 l

218 4314 315 4371 adnot.
335 4317 397 4372 crit.
415 4334 443 4387 p.
462 4316 596 4372 XXXVII.
896 4323 899 4326 ’
