3275 4959
737 360 939 418 -.8-

249 538 333 596 reddi
364 541 513 615 poterant.
565 538 625 597 Sed
655 557 727 596 num
757 556 864 598 revera
895 539 1000 597 statim
1031 538 1165 614 perlatae
1197 538 1267 607 sint,
1301 539 1424 595 omuino

174 718 176 721 Ι
246 645 397 712 ,incertum
432 648 491 715 est;
535 644 653 721 aliquot
693 645 757 715 dies
797 645 1025 704 tabellariorum
1064 645 1301 703 commoratione
1334 644 1425 702 facile

249 752 458 827 praetermissi
481 754 562 818 sunt,
587 752 633 809 ita
656 754 691 809 ut
714 752 806 827 paulo
831 756 901 811 ante
925 752 1081 811 Kalendas
1103 752 1202 809 Maias
1218 753 1333 810 Romae
1356 751 1424 810 red-

251 858 399 917 derentur.
450 858 572 920 Marcus
603 861 668 917 tum
698 860 758 918 iam
794 860 988 929 discesserat,
1026 860 1168 935 quoniam
1199 859 1231 916 in
1261 858 1336 917 villa
1370 877 1424 917 eas

250 966 378 1040 accepit.
432 966 621 1042 Quapropter
660 967 753 1024 Marci
790 967 959 1025 discessum
1001 969 1135 1025 extremo
1177 983 1280 1024 mense
1317 965 1422 1040 Aprili,

250 1072 342 1145 paulo
367 1075 438 1130 ante
462 1072 617 1131 Kalendas
637 1073 736 1130 Maias
759 1073 857 1131 fuisse
882 1074 1045 1149 quominus
1069 1090 1258 1142 censeamus,
1283 1089 1345 1130 non
1368 1074 1424 1130 im-

251 1177 398 1253 pedimur;
431 1196 525 1254 supra
557 1177 634 1256 (pag.
652 1178 683 1255 2)
708 1180 768 1237 iam
801 1180 841 1237 ad
872 1179 939 1238 Kal.
962 1180 1031 1238 Mai.
1063 1180 1146 1237 ducti
1177 1197 1293 1238 sumus.
1339 1179 1425 1240 Certe

251 1284 320 1343 illae
351 1285 470 1369 litterae
493 1286 589 1361 primo
621 1304 724 1343 mense
747 1286 829 1345 Maio
854 1303 874 1344 a
896 1286 998 1344 Marco
1022 1289 1166 1360 acceptae
1195 1288 1279 1355 sunt;
1312 1288 1425 1345 certum

252 1391 329 1450 diem
353 1385 510 1468 explorare
533 1410 596 1451 nou
611 1410 787 1469 possumus,
815 1393 897 1468 quia,
923 1395 1019 1468 quoto
1036 1392 1083 1451 die
1100 1393 1251 1451 Ciceronis
1269 1392 1426 1451 domestici

250 1498 442 1565 tabellarium
466 1499 585 1558 litteras
610 1500 649 1557 ad
666 1500 801 1558 Marcum
824 1500 969 1557 ferentem
993 1498 1170 1582 invenerint,
1195 1500 1270 1557 nihil
1294 1502 1426 1559 constat.

250 1605 306 1663 His
329 1606 423 1680 igitur
445 1606 585 1665 omnibus
611 1624 713 1665 morae
737 1607 808 1665 oriri
831 1597 984 1682 poterant.
1029 1606 1131 1665 Cicero
1155 1606 1277 1681 quidem
1299 1607 1366 1682 ipse
1390 1608 1426 1665 de

251 1713 479 1772 tabellariorum
510 1714 623 1789 inopia,
658 1732 725 1771 oum
758 1733 774 1772 e
807 1714 942 1772 Cumano
973 1713 1023 1773 vel
1053 1713 1240 1789 Pompeiano
1271 1714 1424 1781 scriberet,

249 1820 338 1878 fratri
362 1838 395 1879 se
419 1822 591 1879 excusavit:
614 1820 678 1895 Epo
702 1838 764 1879 eam
786 1819 913 1879 Ruinam
933 1803 1043 1893 uenere,
1070 1820 1180 1879 auitam
1197 1821 1427 1894 praetermittam

251 1924 383 1987 Caesaris
418 1927 601 2001 tabellarium,
637 1927 684 1986 emi
713 1927 822 1986 litteras
852 1927 890 1986 ad
920 1931 946 1986 te
975 1945 1032 1987 aaa
1061 1927 1132 1986 dem.
1176 1926 1237 1986 His
1266 1927 1360 1986 diebm
1381 1962 1427 1971 -

250 2032 379 2109 ipacscas
408 2068 452 2077 -
483 2033 530 2093 cai
559 2033 664 2106 darem,
695 2035 756 2108 fail
782 2051 862 2115 meme
892 2038 957 2093 aate
986 2035 1060 2094 tuae
1089 2034 1132 2092 M.
1158 2032 1278 2108 Orfiam,
1309 2034 1427 2109 equitem

251 2139 415 2200 Remmiam
438 2140 474 2217 (ll
492 2142 543 2209 12,
558 2136 598 2223 3).
645 2141 752 2217 ltaque
771 2142 918 2200 incertum
942 2143 999 2210 est,
1029 2142 1152 2217 quando
1175 2142 1214 2201 M.
1238 2142 1320 2200 Crfio
1343 2142 1426 2202 illam

251 2248 414 2322 epistulam
439 2248 532 2307 1112.
557 2248 684 2315 dederit:
715 2266 814 2325 neque
838 2266 905 2307 eam
929 2251 1062 2309 extremo
1091 2267 1194 2307 mense
1216 2249 1298 2307 Maio
1323 2249 1426 2307 datam

253 2372 330 2423 esse,
357 2358 392 2412 ut
408 2355 578 2413 Rauscbeu
601 2356 725 2433 putavit
748 2354 787 2433 (p.
804 2354 867 2433 531,
892 2356 962 2413 inde
986 2356 1143 2426 concludo,
1176 2356 1258 2433 quod
1281 2356 1320 2415 M.
1344 2356 1426 2414 Orfio

245 2462 292 2541 ¹ad
324 2462 483 2529 Caesarem
507 2462 714 2537 proficiscenti
741 2480 808 2521 eam
840 2463 931 2523 dedit.
976 2439 1035 2519 vir
1066 2463 1145 2521 enim
1181 2464 1312 2522 creditur
1341 2463 1426 2522 illum

254 2569 394 2643 equitem,
422 2586 489 2627 cum
505 2572 588 2634 esset
602 2570 744 2629 tribunus
760 2569 890 2627 militum
906 2570 937 2627 in
954 2552 1096 2629 Caesaris
1120 2571 1254 2628 exercitu
1269 2569 1305 2646 (II
1324 2570 1374 2639 12,
1385 2569 1424 2647 3).

251 2675 365 2733 mensis
388 2675 450 2733 fere
474 2676 575 2751 spatio
599 2678 671 2751 post
694 2677 838 2748 Quintum
862 2695 900 2735 ex
923 2677 1013 2736 ltalia
1035 2677 1175 2736 inferiore
1199 2678 1238 2735 ad
1262 2678 1426 2735 exercitum

252 2781 406 2856 Belgicam
436 2783 604 2858 profectum
636 2801 712 2851 esse,
745 2784 836 2842 immo
860 2784 956 2859 primo
987 2802 1091 2843 meuse
1113 2783 1194 2842 Maio
1223 2800 1292 2841 eum
1323 2784 1427 2842 abisse
1477 2818 1480 2823 -

243 2889 364 2947 rectius
388 2889 557 2964 opinamur.
923 2958 927 2967 ¹

341 2997 460 3064 Restat,
485 2999 521 3055 ut
540 2972 651 3072 paucis
674 2997 866 3073 investigem,
898 3000 999 3056 utrum
1031 2997 1182 3073 epistulae
1206 2998 1317 3075 plures,
1348 3016 1426 3073 quas

250 3102 396 3179 perlatas.
410 3121 471 3162 uon
496 3122 564 3170 esse
579 3104 700 3163 Marcus
724 3104 811 3163 fratri
835 3104 957 3163 nuntiat
981 3104 1017 3182 (ll
1038 3105 1086 3173 12,
1101 3102 1138 3180 ll,
1163 3105 1242 3164 inter
1264 3104 1426 3188 epistulam

252 3209 284 3266 in
313 3210 381 3284 ipso
406 3210 547 3269 discessu
571 3229 591 3268 a
613 3210 715 3270 Marco
747 3214 904 3286 acceptam
939 3214 970 3269 et
1005 3212 1132 3269 alteram
1162 3212 1298 3270 Arimino
1322 3212 1427 3271 datam

252 3316 452 3403 interfuerint,
477 3335 517 3375 an
541 3318 620 3375 duae
643 3317 714 3376 illae
730 3319 886 3393 proximae
910 3318 987 3376 inter
1010 3336 1044 3377 se
1068 3319 1199 3394 scriptae
1223 3319 1294 3388 sint,
1323 3319 1369 3378 ita
1391 3322 1428 3377 ut

253 3422 354 3498 plures
378 3424 448 3482 illas
472 3425 587 3499 priores
610 3424 708 3483 fuisse
733 3442 965 3500 cognoscamus.
999 3426 1083 3496 Quae
1108 3444 1293 3501 quamquam
1317 3426 1428 3484 diiudi-

253 3530 315 3590 cari
337 3548 399 3588 non
422 3534 563 3606 possunt,
594 3534 696 3613 tamen
727 3532 785 3589 has
809 3530 925 3607 priores
957 3550 1026 3590 esse
1049 3534 1211 3609 propteroa
1241 3533 1425 3602 crediderim,

252 3636 334 3711 quod
359 3638 386 3695 si
409 3638 537 3695 alteram
569 3638 749 3697 sententiam
774 3640 949 3716 probamus
978 3639 1072 3697 Marci
1094 3640 1193 3705 Roma
1216 3639 1373 3705 discessus
1396 3640 1427 3697 in

255 3744 340 3817 prius
363 3746 484 3822 ternpus
508 3745 597 3805 nobis
620 3746 788 3805 reiciendus
813 3750 870 3828 est.

294 3990 336 4072 Β.
364 3991 422 4072 De
450 3992 663 4091 capitibus
691 4012 800 4092 quae
829 3997 927 4076 sunt
955 3993 1026 4087 Qu.
1042 3994 1094 4075 fr.
1110 3995 1207 4090 1111,
1235 3995 1417 4077 17—20.·
1499 4014 1501 4016 ’

343 4154 500 4231 Epistulae
516 4174 595 4231 quae
612 4159 660 4217 est
675 4157 730 4229 Qu.
744 4157 780 4219 ir.
796 4157 871 4221 1111.
887 4155 1005 4218 verbis:
1029 4153 1100 4217 Cam
1110 4158 1184 4217 ham
1193 4158 1254 4217 mm
1276 4158 1428 4233 epistelam

254 4260 464 4335 complicarem,
487 4262 630 4322 tabellemii
651 4282 670 4323 a
694 4263 770 4323 vobis
791 4267 926 4324 emerunt
947 4284 975 4324 a.
991 4264 1018 4325 d.
1034 4263 1091 4324 XI.
1114 4263 1184 4338 Kal.
1199 4264 1275 4342 Sari.
1297 4265 1428 4326 vicesimo
