3275 4959
699 419 923 478 -53-

222 602 249 656 ot
272 596 376 675 Quieto
399 598 493 671 fratri
513 598 624 674 pretias
646 598 691 674 epi
706 643 712 658 .
729 642 736 657 .
753 642 784 659 ..
811 598 935 656 Litteris
958 598 1037 656 enim
1061 615 1081 655 a
1103 595 1246 655 Trebatio
1269 596 1396 653 redditis

221 705 325 764 fratris
350 707 386 765 de
401 706 543 765 familiari
567 706 702 765 studium
725 706 832 764 inutile
854 723 917 763 non
936 705 1034 764 fuisse
1057 703 1209 777 cognovit.
1233 703 1395 762 Trebatius

222 812 301 869 enim
324 812 417 871 animi
444 814 613 872 mutatione
635 813 721 872 faeta
751 812 892 871 desim
920 812 1000 871 urbis
1029 809 1251 886 urbanitatisque
1286 809 1350 887 (VII
1365 809 1395 886 6)

222 919 375 978 abiecerat
398 920 474 978 etin
490 920 623 979 hibernis
640 920 721 995 apud
739 919 900 978 Gaesarem
916 936 1037 977 manere
1053 919 1264 978 constituerat.
1295 919 1396 993 Atque

221 1025 343 1085 Trebati
374 1027 507 1102 epistula
537 1030 702 1103 postquam
735 1028 839 1085 Gioero
871 1026 1055 1102 superiorem
1080 1027 1109 1085 9.
1142 1026 1234 1091 misit,
1266 1026 1396 1084 Romam

221 1133 341 1207 perlata
364 1136 419 1193 est.

311 1241 351 1299 Ut
372 1241 472 1315 igitur,
499 1243 621 1317 quando
646 1241 779 1316 epistula
806 1240 854 1299 17.
878 1240 953 1298 data
976 1240 1026 1309 sit,
1059 1239 1251 1311 inveniamus
1274 1239 1395 1297 litterae

220 1345 291 1403 inde
315 1348 354 1404 ad
380 1347 502 1407 fratrem
526 1349 617 1406 datae
648 1348 887 1423 perscrutandae
918 1349 998 1405 sunt.
1044 1347 1079 1405 In
1102 1346 1285 1423 quibusdam
1316 1346 1395 1404 enim

222 1451 325 1513 Oieero
358 1454 395 1512 de
429 1455 571 1514 Trebatio
605 1455 692 1513 fratri
725 1455 842 1529 gratias
877 1455 946 1529 egit,
983 1456 1019 1512 ut
1053 1472 1148 1529 supra
1169 1453 1311 1511 vidimus.
1362 1453 1395 1510 ln

220 1559 359 1633 epistulis
383 1561 466 1623 1112.
491 1565 522 1620 et
544 1562 583 1630 4.,
609 1580 688 1639 quae
711 1562 854 1619 videntur
876 1561 1011 1637 integrae
1035 1578 1112 1629 esse,
1144 1560 1220 1617 nihil
1244 1560 1412 1617 eiusmodi

219 1664 301 1724 inest
324 1685 421 1743 neque
444 1671 475 1726 in
498 1668 652 1744 proximis,
678 1687 756 1745 quas
781 1668 980 1743 praetermitti
1003 1667 1082 1733 lieet,
1111 1666 1143 1724 id
1167 1666 1313 1742 seriptum
1337 1669 1394 1725 est.

215 1771 350 1859 *Reliqua
372 1775 464 1849 igitur
487 1775 556 1833 sola
579 1778 626 1833 est
642 1776 775 1850 epistula
791 1776 829 1843 3.,
847 1776 936 1833 ouius
959 1774 1087 1833 alteram
1102 1777 1219 1850 partem
1239 1776 1395 1832 servatam

217 1878 378 1951 habemus,
404 1884 496 1958 atque
519 1882 609 1941 iaoile
624 1881 691 1940 iieri
707 1883 836 1957 poterat,
861 1882 942 1939 utin
959 1881 1169 1957 prioreparte,
1196 1899 1275 1957 quae
1293 1880 1391 1957 periit,

218 1984 354 2045 Marcum
376 1988 464 2047 fratri
480 1990 517 2047 de
541 1989 606 2047 eius
630 1989 662 2047 in
678 1988 852 2046 Trebatium
875 1988 978 2047 studio
994 1988 1111 2062 gratias
1135 2005 1224 2063 agere
1248 1968 1394 2063 seriptum

219 2095 312 2151 esset.
359 2094 433 2152 Cum
455 2096 513 2153 hoo
537 2096 615 2153 enim
638 2097 772 2170 tempore
796 2095 948 2164 convenit,
978 2096 1059 2169 quod
1084 2094 1188 2153 Gieero
1212 2112 1228 2153 e
1252 2094 1394 2157 Trebatio

218 2200 347 2273 quaerit,
373 2202 426 2260 ubi
448 2203 637 2260 hiematurus
662 2202 712 2270 sit,
737 2218 807 2269 non,
833 2202 886 2259 ubi
908 2201 1028 2260 hiemet.

308 2308 414 2383 ltaque
449 2308 686 2367 oonoludendum
722 2310 770 2365 est
803 2307 966 2381 epistulam
997 2326 1076 2383 quae
1112 2310 1160 2367 est
1188 2308 1259 2367 iam.
1275 2308 1330 2366 VH
1346 2309 1394 2369 17.

217 2429 282 2470 una
313 2432 381 2472 eum
409 2415 510 2486 Quinti
534 2414 617 2473 1113.
645 2414 744 2473 medio
775 2414 838 2471 fere
869 2432 972 2473 mense
1005 2415 1128 2474 Ootobri
1159 2416 1285 2474 missam
1315 2425 1393 2475 esse·

216 2518 362 2596 Idemque
386 2522 496 2580 statuit
518 2521 652 2579 Koerner
675 2521 800 2579 arbitrio
825 2521 892 2579 solo
916 2522 1028 2580 duetus
1053 2521 1092 2599 (p.
1108 2516 1172 2604 56).
