3275 4959
763 360 985 419 ,26-

287 551 379 608 quam
395 551 449 609 pro
465 534 590 594 Plancio
611 536 728 605 habuit,
754 537 800 595 bis
826 556 863 596 ea
878 539 985 596 habita
1008 559 1078 601 esse
1100 576 1145 587 -
1168 544 1242 602 dicit
1264 544 1341 601 enim
1358 544 1463 603 Cicero

288 641 324 697 de
348 642 479 700 comitiis
508 643 654 700 aediliciis
685 644 880 717 superlucratus
903 643 966 721 (20,
977 645 1030 724 49)
1055 652 1086 706 et
1116 649 1212 709 altero
1243 650 1311 709 loeo
1335 649 1398 728 (22,
1407 640 1489 739 54)

287 748 323 805 de
342 748 493 821 prioribus
507 782 559 818 —-,
586 752 617 807 et
631 750 733 823 priora
749 752 869 826 quidem
887 752 1018 811 Crassus
1041 754 1117 829 legis
1139 757 1175 814 de
1198 758 1355 816 sodaliciis
1377 758 1463 817 latae

287 857 394 913 auctor
407 856 475 930 ipse
490 856 599 915 habuit
615 855 676 935 (20,
688 856 749 934 49).
784 859 879 935 Atqui
895 859 1025 919 Crassus
1049 862 1147 920 medio
1171 882 1273 923 mense
1288 865 1460 934 Novembri,

285 965 321 1019 ut
335 963 366 1019 in
383 963 570 1038 provinciam
586 964 651 1031 iret,
677 982 715 1022 ex
730 966 804 1022 urbe
822 963 1039 1049 decesserat1);
1063 986 1133 1044 ergo
1158 972 1281 1029 comitia
1303 973 1464 1046 superiora

286 1072 357 1127 ante
381 1070 511 1127 medium
535 1088 665 1129 mensem
690 1071 890 1131 Nouembrem
913 1074 1045 1133 fuerunt.

374 1178 483 1251 Agitur
506 1195 595 1245 nunc,
621 1180 744 1253 quando
769 1178 867 1237 altera
888 1180 1009 1238 fuerint.
1049 1183 1191 1241 Oratione
1215 1185 1367 1243 Ciceronis
1390 1186 1463 1260 ipsa

285 1284 360 1341 nihil
384 1284 421 1341 de
450 1285 499 1342 his
524 1286 732 1359 comperimus.
779 1287 819 1343 At
843 1289 967 1345 constat
990 1288 1039 1349 On.
1062 1288 1166 1347 Planci
1188 1291 1332 1349 iudicium
1362 1293 1462 1351 fuisse

286 1392 368 1465 apud
392 1392 422 1449 C.
446 1391 557 1450 Alfium
581 1393 716 1461 Flavum,
754 1411 843 1469 quem
872 1394 972 1453 Cicero
997 1396 1044 1454 bis
1068 1396 1099 1453 in
1122 1398 1261 1456 oratione
1284 1398 1461 1474 adloquitur

286 1497 348 1575 (17,
359 1498 415 1568 43;
440 1498 587 1575 ealce),
613 1503 781 1575 praetorem
803 1502 875 1558 anui
890 1501 962 1559 LIV.
981 1502 1045 1579 (Qu.
1060 1503 1095 1561 fr.
1111 1504 1150 1561 lll
1166 1503 1270 1581 1,24);
1294 1506 1460 1563 actionem·

286 1623 345 1681 que
369 1623 482 1663 causae
499 1607 578 1664 eirea
593 1606 660 1667 Kal.
677 1607 776 1677 Quint.
801 1608 861 1665 iam
884 1608 982 1667 fuisse
1007 1627 1102 1685 supra
1118 1609 1156 1687 (p.
1174 1610 1226 1688 24)
1244 1611 1457 1672 conclusimus.

218 1740 220 1743 ·
284 1712 389 1787 Neque
412 1713 559 1771 habemus
584 1714 631 1771 his
656 1714 716 1772 nisi
737 1715 897 1772 terminum
922 1717 973 1790 qui
997 1719 1127 1775 vocatur
1149 1721 1213 1776 aab
1234 1736 1323 1793 quera

375 1820 473 1889 Quare
497 1822 532 1877 de
556 1821 661 1879 alteris
686 1822 815 1879 comitiis
833 1822 980 1879 aediliciis
998 1829 1030 1880 et
1045 1824 1081 1881 de
1096 1823 1200 1882 Planci
1216 1825 1328 1883 iudicio
1344 1826 1457 1884 multae

285 1926 422 1983 oriuntur
446 1927 661 1989 dubitationes
697 1929 876 1999 Quaerimus
900 1930 987 1998 enim,
1014 1930 1139 1987 comitia
1161 1930 1215 1989 illa
1238 1931 1334 1990 altera
1356 1935 1462 1990 utrum

285 2050 304 2089 a
327 2050 429 2091 mense
452 2033 615 2091 Novembri
638 2036 710 2092 anni
732 2036 790 2093 LV.
814 2054 913 2111 usque
937 2036 977 2093 ad
1000 2037 1131 2094 medium
1154 2038 1321 2112 proximum
1343 2040 1462 2097 reiecta

285 2140 355 2208 sint,
388 2140 433 2197 ita
462 2144 497 2198 ut
519 2140 662 2213 Plancius
687 2141 773 2201 lunio
803 2144 866 2201 iere
897 2160 1000 2201 mense
1024 2144 1233 2218 postularetur
1264 2147 1295 2203 et
1323 2150 1461 2203 extremo

285 2246 391 2305 Sextili
415 2248 635 2317 absolveretur,
660 2267 699 2306 an
715 2250 812 2324 primo
829 2267 909 2307 anno
925 2250 1007 2318 LIV,
1033 2253 1068 2308 ut
1090 2269 1193 2309 mense
1208 2252 1326 2320 Martio,
1351 2253 1462 2311 habita

285 2354 346 2412 sint
370 2357 400 2413 et
421 2354 475 2411 illa
497 2354 603 2412 Planci
626 2373 724 2414 causa
754 2355 823 2414 inde
851 2375 949 2432 usque
970 2357 1013 2414 ad
1036 2362 1202 2415 extremum
1226 2376 1359 2417 mensem
1382 2359 1462 2417 Sex·

283 2462 366 2519 tilem
398 2461 494 2519 dilata
524 2462 572 2521 sit
618 2462 735 2521 Neutra
767 2465 920 2521 sententia
951 2464 1119 2539 probabilis
1150 2468 1207 2523 est.
1253 2466 1349 2524 Priori
1380 2466 1460 2525 enim

284 2568 358 2626 haec
383 2571 583 2643 opponuntur.
629 2569 697 2627 Non
720 2570 913 2645 intellegitur,
939 2589 993 2629 cur
1009 2571 1127 2646 Appius
1144 2571 1290 2631 Claudius
1305 2572 1336 2630 L.
1353 2573 1459 2631 Domi-

283 2676 347 2733 tius
374 2677 595 2734 Ahenobarbus
628 2677 769 2735 eonsules
801 2678 926 2735 comitia
956 2678 1096 2736 aedilicia
1126 2696 1225 2755 usque
1256 2680 1296 2737 ad
1326 2680 1460 2737 medium

285 2800 396 2839 annum
427 2783 590 2850 reiecerint,
624 2800 691 2841 cum
723 2786 813 2843 ceteri
844 2785 1044 2859 magistratus
1076 2786 1240 2844 Februario
1271 2804 1373 2844 mense
1396 2786 1460 2844 iam

284 2890 459 2948 muneribus
475 2890 541 2948 suis
556 2890 764 2965 {angmentum
789 2909 886 2966 neque
909 2909 992 2961 vero,
1017 2895 1052 2950 ut
1075 2910 1155 2951 anno
1176 2894 1340 2969 superiore,
1365 2894 1460 2950 inter-

283 3014 407 3071 regnum
437 2997 503 3064 fuit,
537 2999 568 3055 et
589 2998 686 3072 primo
717 3016 820 3057 mense
851 2999 937 3058 Iunio
962 2998 1065 3057 (licere
1096 3001 1134 3056 ad
1166 3000 1288 3058 fratrem
1320 3000 1459 3074 scripsit:

283 3102 342 3163 Res
363 3103 511 3163 Roumnee
532 3104 575 3163 sic
596 3122 624 3163 se
645 3104 756 3174 babenb
787 3109 850 3164 erut
870 3105 1008 3164 ambella
1031 3123 1093 3179 spes
1123 3106 1313 3179 comitiorum,
1343 3106 1391 3165 sed
1413 3106 1459 3165 io-

283 3215 367 3284 ccrta,
398 3216 459 3270 erut
487 3211 584 3287 elium
613 3211 736 3285 suspicio
759 3212 926 3285 dictaturae,
957 3232 992 3272 oe
1017 3230 1050 3271 ea
1071 3213 1181 3289 quidem
1212 3216 1288 3271 aaa
1317 3231 1460 3273 mutorum

283 3317 370 3376 odam
392 3319 510 3391 forense,
540 3319 587 3377 sed
609 3318 771 3379 senescentis
792 3319 884 3395 magis
907 3319 1032 3379 deitate
1054 3338 1137 3396 paam
1159 3320 1458 3397 adquiescatis...

284 3422 319 3501 (ll
333 3426 383 3493 13,
394 3424 499 3502 4-5).
533 3426 588 3484 His
604 3427 706 3489 Cicero
724 3427 847 3485 comitia
862 3427 1094 3501 magistratibus
1110 3428 1140 3485 in
1156 3429 1326 3501 proximum
1342 3446 1457 3487 annum

283 3532 419 3589 creandis
444 3534 516 3608 quin
540 3533 767 3608 significaverit,
793 3551 855 3591 non
879 3537 927 3591 est
951 3534 1084 3595 dubium.
1118 3534 1225 3592 Mirum
1248 3535 1340 3609 igitur
1361 3541 1454 3604 esset,

284 3638 310 3696 si
332 3641 398 3696 tum
422 3639 556 3697 eiusdem
580 3641 652 3698 anni
675 3640 789 3699 aediles
813 3641 947 3699 nondum
971 3641 1104 3699 fuissent
1126 3642 1228 3699 creati.

370 3745 475 3821 Neque
499 3746 601 3805 Cicero
626 3748 815 3805 comitiorum
839 3747 1004 3806 alterorum
1027 3748 1148 3821 longam
1172 3748 1362 3807 reiectionem
1386 3766 1457 3807 ora-

282 3853 365 3911 tione
388 3870 447 3911 sua
462 3870 635 3922 memorare,
661 3856 696 3912 ut
719 3855 851 3913 iudicum
877 3855 995 3913 animos
1020 3857 1162 3924 moveret,
1188 3856 1454 3930 praetermisisset,

282 3960 458 4035 praesertim
482 3978 550 4018 eum
575 3979 611 4019 ne
636 3961 742 4019 Sextili
767 3963 888 4037 quidem
920 3980 1022 4021 mense
1052 3962 1166 4019 aediles
1198 3963 1316 4020 curules
1343 3980 1455 4021 munus

282 4067 384 4124 inituri
407 4067 527 4125 fuerint.
573 4068 620 4125 An
644 4070 789 4142 putamus
813 4069 848 4126 A.
871 4068 1013 4137 Plotium,
1038 4068 1145 4127 Planci
1175 4068 1331 4144 collegam,
1364 4072 1458 4128 antea

198 4204 201 4209 ·
281 4206 494 4219 ——nnuq—un

372 4293 390 4362 1)
409 4292 447 4347 ad
465 4294 542 4348 Attio
559 4293 597 4348 IV
611 4293 688 4359 13,2:
708 4294 804 4365 lange
822 4293 860 4348 lll
879 4311 905 4365 p.
918 4293 972 4349 339
989 4296 1020 4349 et
1037 4294 1099 4352 343.
