<?xml version="1.0" encoding="UTF-8"?>
<!DOCTYPE html PUBLIC "-//W3C//DTD XHTML 1.0 Transitional//EN"
    "http://www.w3.org/TR/xhtml1/DTD/xhtml1-transitional.dtd">
<html xmlns="http://www.w3.org/1999/xhtml" xml:lang="en" lang="en">
 <head>
  <title>
</title>
<meta http-equiv="Content-Type" content="text/html;charset=utf-8" />
  <meta name='ocr-system' content='tesseract 3.04.00' />
  <meta name='ocr-capabilities' content='ocr_page ocr_carea ocr_par ocr_line ocrx_word'/>
</head>
<body>
  <div class='ocr_page' id='page_1' title='image "./deepistulisamtu01kapegoog_0041.png"; bbox 0 0 3275 4959; ppageno 0'>
   <div class='ocr_carea' id='block_1_1' title="bbox 659 385 882 444">
    <p class='ocr_par' dir='ltr' id='par_1_1' title="bbox 659 385 882 444">
     <span class='ocr_line' id='line_1_1' title="bbox 659 385 882 444; baseline 0.009 -17"><span class='ocrx_word' id='word_1_1' title='bbox 659 385 882 444; x_wconf 61' lang='lat'>„19-</span> 
     </span>
    </p>
   </div>
   <div class='ocr_carea' id='block_1_2' title="bbox 180 564 1354 640">
    <p class='ocr_par' dir='ltr' id='par_1_2' title="bbox 180 564 1354 640">
     <span class='ocr_line' id='line_1_2' title="bbox 180 564 1354 640; baseline 0.003 -20"><span class='ocrx_word' id='word_1_2' title='bbox 180 566 320 621; x_wconf 88' lang='lat' dir='ltr'>constare</span> <span class='ocrx_word' id='word_1_3' title='bbox 344 567 420 638; x_wconf 93' lang='lat' dir='ltr'>puto</span> <span class='ocrx_word' id='word_1_4' title='bbox 443 564 630 633; x_wconf 89' lang='lat' dir='ltr'>tabellarios,</span> <span class='ocrx_word' id='word_1_5' title='bbox 657 564 709 640; x_wconf 92' lang='lat' dir='ltr'>qui</span> <span class='ocrx_word' id='word_1_6' title='bbox 726 582 752 621; x_wconf 87' lang='lat' dir='ltr'>a.</span> <span class='ocrx_word' id='word_1_7' title='bbox 770 564 796 621; x_wconf 94' lang='lat' dir='ltr'>d.</span> <span class='ocrx_word' id='word_1_8' title='bbox 812 564 861 622; x_wconf 92' lang='lat' dir='ltr'>Xl.</span> <span class='ocrx_word' id='word_1_9' title='bbox 878 564 945 623; x_wconf 88' lang='lat' dir='ltr'>Kal.</span> <span class='ocrx_word' id='word_1_10' title='bbox 958 564 1038 639; x_wconf 72' lang='lat' dir='ltr'>Sept.</span> <span class='ocrx_word' id='word_1_11' title='bbox 1054 564 1182 622; x_wconf 83' lang='lat' dir='ltr'><strong>Romam</strong></span> <span class='ocrx_word' id='word_1_12' title='bbox 1197 568 1354 634; x_wconf 77' lang='lat' dir='ltr'>venerrmt,</span> 
     </span>
    </p>
   </div>
   <div class='ocr_carea' id='block_1_3' title="bbox 179 670 1354 742">
    <p class='ocr_par' dir='ltr' id='par_1_3' title="bbox 179 670 1354 742">
     <span class='ocr_line' id='line_1_3' title="bbox 179 670 1354 742; baseline 0.002 -15"><span class='ocrx_word' id='word_1_13' title='bbox 179 670 280 727; x_wconf 76' lang='lat' dir='ltr'>duliae</span> <span class='ocrx_word' id='word_1_14' title='bbox 305 672 443 728; x_wconf 79' lang='lat' dir='ltr'>mortuae</span> <span class='ocrx_word' id='word_1_15' title='bbox 467 687 564 728; x_wconf 88' lang='lat' dir='ltr'>causa</span> <span class='ocrx_word' id='word_1_16' title='bbox 587 689 606 728; x_wconf 89' lang='lat' dir='ltr'>a</span> <span class='ocrx_word' id='word_1_17' title='bbox 630 670 759 729; x_wconf 75' lang='lat' dir='ltr'>Caesare</span> <span class='ocrx_word' id='word_1_18' title='bbox 782 671 896 729; x_wconf 88' lang='lat' dir='ltr'>missos</span> <span class='ocrx_word' id='word_1_19' title='bbox 920 688 997 729; x_wconf 89' lang='lat' dir='ltr'>esse.</span> <span class='ocrx_word' id='word_1_20' title='bbox 1044 671 1127 742; x_wconf 85' lang='lat' dir='ltr'>Quae</span> <span class='ocrx_word' id='word_1_21' title='bbox 1155 671 1183 729; x_wconf 86' lang='lat' dir='ltr'>si</span> <span class='ocrx_word' id='word_1_22' title='bbox 1204 672 1250 729; x_wconf 88' lang='lat' dir='ltr'>ita</span> <span class='ocrx_word' id='word_1_23' title='bbox 1272 674 1354 741; x_wconf 89' lang='lat' dir='ltr'>sunt,</span> 
     </span>
    </p>
   </div>
   <div class='ocr_carea' id='block_1_4' title="bbox 93 776 1357 853">
    <p class='ocr_par' dir='ltr' id='par_1_4' title="bbox 93 776 1357 853">
     <span class='ocr_line' id='line_1_4' title="bbox 93 776 1357 853; baseline 0.004 -22"><span class='ocrx_word' id='word_1_24' title='bbox 93 827 94 831; x_wconf 75' lang='grc'>,</span> <span class='ocrx_word' id='word_1_25' title='bbox 179 777 298 844; x_wconf 83' lang='lat' dir='ltr'>Cicero,</span> <span class='ocrx_word' id='word_1_26' title='bbox 347 794 415 834; x_wconf 93' lang='lat' dir='ltr'>oum</span> <span class='ocrx_word' id='word_1_27' title='bbox 454 776 587 835; x_wconf 88' lang='lat' dir='ltr'>dolorem</span> <span class='ocrx_word' id='word_1_28' title='bbox 625 795 716 835; x_wconf 91' lang='lat' dir='ltr'>suum</span> <span class='ocrx_word' id='word_1_29' title='bbox 748 778 783 834; x_wconf 88' lang='lat' dir='ltr'>de</span> <span class='ocrx_word' id='word_1_30' title='bbox 816 777 956 835; x_wconf 78' lang='lat' dir='ltr'>Caesaris</span> <span class='ocrx_word' id='word_1_31' title='bbox 987 796 1063 836; x_wconf 89' lang='lat' dir='ltr'>casu</span> <span class='ocrx_word' id='word_1_32' title='bbox 1093 778 1180 835; x_wconf 84' lang='lat' dir='ltr'>fratri</span> <span class='ocrx_word' id='word_1_33' title='bbox 1210 779 1357 853; x_wconf 75' lang='lat' dir='ltr'>patefecit</span> 
     </span>
    </p>
   </div>
   <div class='ocr_carea' id='block_1_5' title="bbox 177 880 1412 3955">
    <p class='ocr_par' dir='ltr' id='par_1_5' title="bbox 179 880 1357 1602">
     <span class='ocr_line' id='line_1_5' title="bbox 182 880 1356 959; baseline 0.003 -19"><span class='ocrx_word' id='word_1_34' title='bbox 182 880 353 959; x_wconf 81' lang='lat'>(1111‚17),</span> <span class='ocrx_word' id='word_1_35' title='bbox 386 884 422 941; x_wconf 88' lang='lat' dir='ltr'>de</span> <span class='ocrx_word' id='word_1_36' title='bbox 455 883 538 942; x_wconf 81' lang='lat' dir='ltr'>dulia</span> <span class='ocrx_word' id='word_1_37' title='bbox 567 887 688 943; x_wconf 90' lang='lat' dir='ltr'>mortua</span> <span class='ocrx_word' id='word_1_38' title='bbox 719 884 876 957; x_wconf 85' lang='lat' dir='ltr'>cogitavit.</span> <span class='ocrx_word' id='word_1_39' title='bbox 922 885 1010 945; x_wconf 85' lang='lat' dir='ltr'>Patet</span> <span class='ocrx_word' id='word_1_40' title='bbox 1041 884 1133 957; x_wconf 86' lang='lat' dir='ltr'>igitur</span> <span class='ocrx_word' id='word_1_41' title='bbox 1160 885 1356 944; x_wconf 77' lang='lat' dir='ltr'>Plutarchum</span> 
     </span>
     <span class='ocr_line' id='line_1_6' title="bbox 180 990 1353 1067; baseline 0.003 -20"><span class='ocrx_word' id='word_1_42' title='bbox 180 990 331 1048; x_wconf 86' lang='lat' dir='ltr'>erravisse</span> <span class='ocrx_word' id='word_1_43' title='bbox 366 990 549 1065; x_wconf 82' lang='lat' dir='ltr'>falsumque,</span> <span class='ocrx_word' id='word_1_44' title='bbox 591 1009 650 1066; x_wconf 93' lang='lat' dir='ltr'>quo</span> <span class='ocrx_word' id='word_1_45' title='bbox 687 991 800 1049; x_wconf 75' lang='lat' dir='ltr'>Caesar</span> <span class='ocrx_word' id='word_1_46' title='bbox 838 994 965 1049; x_wconf 84' lang='lat' dir='ltr'>mortem</span> <span class='ocrx_word' id='word_1_47' title='bbox 1000 994 1184 1066; x_wconf 86' lang='lat' dir='ltr'>cognoverit,</span> <span class='ocrx_word' id='word_1_48' title='bbox 1223 995 1353 1067; x_wconf 68' lang='lat' dir='ltr'>tempus</span> 
     </span>
     <span class='ocr_line' id='line_1_7' title="bbox 182 1096 1355 1175; baseline 0.003 -20"><span class='ocrx_word' id='word_1_49' title='bbox 182 1097 342 1155; x_wconf 85' lang='lat' dir='ltr'>memoriae</span> <span class='ocrx_word' id='word_1_50' title='bbox 376 1096 555 1172; x_wconf 86' lang='lat' dir='ltr'>prodidisse.</span> <span class='ocrx_word' id='word_1_51' title='bbox 609 1098 714 1173; x_wconf 89' lang='lat' dir='ltr'>Neque</span> <span class='ocrx_word' id='word_1_52' title='bbox 746 1098 812 1157; x_wconf 89' lang='lat' dir='ltr'>eius</span> <span class='ocrx_word' id='word_1_53' title='bbox 843 1099 1052 1157; x_wconf 87' lang='lat' dir='ltr'>testimonium</span> <span class='ocrx_word' id='word_1_54' title='bbox 1083 1116 1137 1175; x_wconf 90' lang='lat' dir='ltr'>pro</span> <span class='ocrx_word' id='word_1_55' title='bbox 1168 1100 1355 1172; x_wconf 86' lang='lat' dir='ltr'>argumentis</span> 
     </span>
     <span class='ocr_line' id='line_1_8' title="bbox 179 1204 1355 1284; baseline 0.002 -23"><span class='ocrx_word' id='word_1_56' title='bbox 179 1222 275 1279; x_wconf 90' lang='lat' dir='ltr'>supra</span> <span class='ocrx_word' id='word_1_57' title='bbox 297 1204 401 1261; x_wconf 87' lang='lat' dir='ltr'>allatis</span> <span class='ocrx_word' id='word_1_58' title='bbox 424 1221 517 1277; x_wconf 88' lang='lat' dir='ltr'>grave</span> <span class='ocrx_word' id='word_1_59' title='bbox 541 1208 597 1284; x_wconf 81' lang='lat' dir='ltr'>est,</span> <span class='ocrx_word' id='word_1_60' title='bbox 623 1206 801 1281; x_wconf 87' lang='lat' dir='ltr'>praesertim</span> <span class='ocrx_word' id='word_1_61' title='bbox 830 1224 898 1263; x_wconf 89' lang='lat' dir='ltr'>cum</span> <span class='ocrx_word' id='word_1_62' title='bbox 930 1224 968 1263; x_wconf 88' lang='lat' dir='ltr'>ea</span> <span class='ocrx_word' id='word_1_63' title='bbox 998 1223 1121 1281; x_wconf 90' lang='lat' dir='ltr'>quoque</span> <span class='ocrx_word' id='word_1_64' title='bbox 1151 1223 1182 1263; x_wconf 91' lang='lat' dir='ltr'>re</span> <span class='ocrx_word' id='word_1_65' title='bbox 1210 1206 1355 1282; x_wconf 88' lang='lat' dir='ltr'>deceptus</span> 
     </span>
     <span class='ocr_line' id='line_1_9' title="bbox 180 1311 1357 1387; baseline 0.003 -20"><span class='ocrx_word' id='word_1_66' title='bbox 180 1328 250 1369; x_wconf 87' lang='lat' dir='ltr'>esse</span> <span class='ocrx_word' id='word_1_67' title='bbox 287 1311 436 1379; x_wconf 87' lang='lat' dir='ltr'>videatur,</span> <span class='ocrx_word' id='word_1_68' title='bbox 477 1313 559 1386; x_wconf 89' lang='lat' dir='ltr'>quod</span> <span class='ocrx_word' id='word_1_69' title='bbox 597 1312 697 1370; x_wconf 85' lang='lat' dir='ltr'>Juliae</span> <span class='ocrx_word' id='word_1_70' title='bbox 736 1314 857 1387; x_wconf 88' lang='lat' dir='ltr'>partum</span> <span class='ocrx_word' id='word_1_71' title='bbox 893 1312 1071 1370; x_wconf 84' lang='lat' dir='ltr'>femininum</span> <span class='ocrx_word' id='word_1_72' title='bbox 1105 1312 1202 1370; x_wconf 80' lang='lat' dir='ltr'>fuisse</span> <span class='ocrx_word' id='word_1_73' title='bbox 1233 1314 1357 1387; x_wconf 88' lang='lat' dir='ltr'>putavit</span> 
     </span>
     <span class='ocr_line' id='line_1_10' title="bbox 182 1415 1353 1494; baseline 0.002 -19"><span class='ocrx_word' id='word_1_74' title='bbox 182 1415 297 1493; x_wconf 73' lang='lat' dir='ltr'>(Pomp.</span> <span class='ocrx_word' id='word_1_75' title='bbox 315 1416 375 1493; x_wconf 74' lang='lat'>53),</span> <span class='ocrx_word' id='word_1_76' title='bbox 408 1434 475 1475; x_wconf 89' lang='lat' dir='ltr'>oum</span> <span class='ocrx_word' id='word_1_77' title='bbox 508 1436 613 1477; x_wconf 90' lang='lat' dir='ltr'>omnes</span> <span class='ocrx_word' id='word_1_78' title='bbox 646 1419 809 1493; x_wconf 82' lang='lat' dir='ltr'>scriptores</span> <span class='ocrx_word' id='word_1_79' title='bbox 837 1419 967 1477; x_wconf 87' lang='lat' dir='ltr'>Romani</span> <span class='ocrx_word' id='word_1_80' title='bbox 998 1420 1035 1477; x_wconf 93' lang='lat' dir='ltr'>de</span> <span class='ocrx_word' id='word_1_81' title='bbox 1065 1418 1233 1477; x_wconf 89' lang='lat' dir='ltr'>masculino</span> <span class='ocrx_word' id='word_1_82' title='bbox 1258 1420 1353 1494; x_wconf 89' lang='lat' dir='ltr'>scrip·</span> 
     </span>
     <span class='ocr_line' id='line_1_11' title="bbox 183 1522 314 1602; baseline 0 -19"><span class='ocrx_word' id='word_1_83' title='bbox 183 1522 314 1602; x_wconf 71' lang='lat' dir='ltr'>serintlt</span> 
     </span>
    </p>

    <p class='ocr_par' dir='ltr' id='par_1_6' title="bbox 177 1632 1412 2777">
     <span class='ocr_line' id='line_1_12' title="bbox 269 1632 1354 1707; baseline 0.003 -19"><span class='ocrx_word' id='word_1_84' title='bbox 269 1632 296 1687; x_wconf 94' lang='lat' dir='ltr'>N</span> <span class='ocrx_word' id='word_1_85' title='bbox 300 1650 356 1689; x_wconf 88' lang='lat' dir='ltr'>unc</span> <span class='ocrx_word' id='word_1_86' title='bbox 380 1649 461 1700; x_wconf 89' lang='lat' dir='ltr'>vero,</span> <span class='ocrx_word' id='word_1_87' title='bbox 489 1632 612 1707; x_wconf 90' lang='lat' dir='ltr'>quando</span> <span class='ocrx_word' id='word_1_88' title='bbox 630 1633 742 1691; x_wconf 79' lang='lat' dir='ltr'>Caesar</span> <span class='ocrx_word' id='word_1_89' title='bbox 765 1633 906 1691; x_wconf 91' lang='lat' dir='ltr'>nuntium</span> <span class='ocrx_word' id='word_1_90' title='bbox 927 1632 1011 1690; x_wconf 89' lang='lat' dir='ltr'>liliae</span> <span class='ocrx_word' id='word_1_91' title='bbox 1035 1636 1172 1691; x_wconf 88' lang='lat' dir='ltr'>mortuae</span> <span class='ocrx_word' id='word_1_92' title='bbox 1196 1634 1354 1707; x_wconf 86' lang='lat' dir='ltr'>acceperit,</span> 
     </span>
     <span class='ocr_line' id='line_1_13' title="bbox 180 1738 1356 1813; baseline 0.003 -18"><span class='ocrx_word' id='word_1_93' title='bbox 180 1739 363 1813; x_wconf 88' lang='lat' dir='ltr'>quandoque</span> <span class='ocrx_word' id='word_1_94' title='bbox 395 1738 478 1797; x_wconf 83' lang='lat' dir='ltr'>Julia</span> <span class='ocrx_word' id='word_1_95' title='bbox 512 1758 528 1797; x_wconf 92' lang='lat' dir='ltr'>e</span> <span class='ocrx_word' id='word_1_96' title='bbox 563 1740 629 1797; x_wconf 83' lang='lat' dir='ltr'>vita</span> <span class='ocrx_word' id='word_1_97' title='bbox 664 1740 847 1808; x_wconf 90' lang='lat' dir='ltr'>discesserit,</span> <span class='ocrx_word' id='word_1_98' title='bbox 880 1740 970 1798; x_wconf 87' lang='lat' dir='ltr'>lacile</span> <span class='ocrx_word' id='word_1_99' title='bbox 1001 1740 1156 1798; x_wconf 86' lang='lat' dir='ltr'>statuitur.</span> <span class='ocrx_word' id='word_1_100' title='bbox 1209 1740 1356 1798; x_wconf 90' lang='lat' dir='ltr'>Nuntium</span> 
     </span>
     <span class='ocr_line' id='line_1_14' title="bbox 178 1845 1412 1922; baseline 0.001 -20"><span class='ocrx_word' id='word_1_101' title='bbox 178 1845 258 1902; x_wconf 86' lang='lat' dir='ltr'>enim</span> <span class='ocrx_word' id='word_1_102' title='bbox 283 1846 401 1921; x_wconf 88' lang='lat' dir='ltr'>accepit</span> <span class='ocrx_word' id='word_1_103' title='bbox 423 1846 499 1921; x_wconf 90' lang='lat' dir='ltr'>ipsis</span> <span class='ocrx_word' id='word_1_104' title='bbox 516 1845 661 1904; x_wconf 85' lang='lat' dir='ltr'>Kalendis</span> <span class='ocrx_word' id='word_1_105' title='bbox 679 1846 856 1914; x_wconf 86' lang='lat' dir='ltr'>Sextilibus,</span> <span class='ocrx_word' id='word_1_106' title='bbox 881 1847 911 1904; x_wconf 93' lang='lat' dir='ltr'>id</span> <span class='ocrx_word' id='word_1_107' title='bbox 936 1847 1018 1922; x_wconf 88' lang='lat' dir='ltr'>quod</span> <span class='ocrx_word' id='word_1_108' title='bbox 1041 1848 1141 1905; x_wconf 90' lang='lat' dir='ltr'>verbis</span> <span class='ocrx_word' id='word_1_109' title='bbox 1163 1846 1295 1906; x_wconf 74' lang='lat' dir='ltr'>vicesimo</span> <span class='ocrx_word' id='word_1_110' title='bbox 1311 1845 1356 1904; x_wconf 84' lang='lat' dir='ltr'>dic</span> <span class='ocrx_word' id='word_1_111' title='bbox 1409 1872 1412 1877; x_wconf 93' lang='lat'><em>·</em></span> 
     </span>
     <span class='ocr_line' id='line_1_15' title="bbox 178 1953 1355 2028; baseline 0.001 -19"><span class='ocrx_word' id='word_1_112' title='bbox 178 1954 279 2025; x_wconf 86' lang='lat' dir='ltr'>patet;</span> <span class='ocrx_word' id='word_1_113' title='bbox 305 1954 384 2010; x_wconf 89' lang='lat' dir='ltr'>unde</span> <span class='ocrx_word' id='word_1_114' title='bbox 408 1954 434 2011; x_wconf 90' lang='lat' dir='ltr'>si</span> <span class='ocrx_word' id='word_1_115' title='bbox 457 1956 578 2027; x_wconf 88' lang='lat' dir='ltr'>tempus</span> <span class='ocrx_word' id='word_1_116' title='bbox 601 1954 700 2011; x_wconf 89' lang='lat' dir='ltr'>nuntii</span> <span class='ocrx_word' id='word_1_117' title='bbox 723 1954 891 2028; x_wconf 87' lang='lat' dir='ltr'>perferendi</span> <span class='ocrx_word' id='word_1_118' title='bbox 907 1954 1096 2022; x_wconf 72' lang='lat' dir='ltr'>deduximus</span> <span class='ocrx_word' id='word_1_119' title='bbox 1123 1953 1235 2011; x_wconf 87' lang='lat' dir='ltr'>Juliam</span> <span class='ocrx_word' id='word_1_120' title='bbox 1258 1954 1355 2028; x_wconf 89' lang='lat' dir='ltr'>primo</span> 
     </span>
     <span class='ocr_line' id='line_1_16' title="bbox 178 2059 1354 2137; baseline 0.002 -22"><span class='ocrx_word' id='word_1_121' title='bbox 178 2075 283 2116; x_wconf 90' lang='lat' dir='ltr'>mense</span> <span class='ocrx_word' id='word_1_122' title='bbox 300 2059 434 2129; x_wconf 81' lang='lat' dir='ltr'>Quintili.</span> <span class='ocrx_word' id='word_1_123' title='bbox 461 2060 541 2118; x_wconf 90' lang='lat' dir='ltr'>circa</span> <span class='ocrx_word' id='word_1_124' title='bbox 559 2060 674 2137; x_wconf 81' lang='lat' dir='ltr'>Nonas,</span> <span class='ocrx_word' id='word_1_125' title='bbox 700 2064 850 2119; x_wconf 88' lang='lat' dir='ltr'>mortuam</span> <span class='ocrx_word' id='word_1_126' title='bbox 874 2079 942 2118; x_wconf 87' lang='lat' dir='ltr'>esse</span> <span class='ocrx_word' id='word_1_127' title='bbox 966 2060 1179 2135; x_wconf 84' lang='lat' dir='ltr'>intellegimus;</span> <span class='ocrx_word' id='word_1_128' title='bbox 1203 2078 1301 2136; x_wconf 91' lang='lat' dir='ltr'>neque</span> <span class='ocrx_word' id='word_1_129' title='bbox 1324 2061 1354 2117; x_wconf 90' lang='lat' dir='ltr'>id</span> 
     </span>
     <span class='ocr_line' id='line_1_17' title="bbox 177 2152 1355 2244; baseline 0.002 -21"><span class='ocrx_word' id='word_1_130' title='bbox 177 2167 301 2240; x_wconf 81' lang='lat' dir='ltr'>tempus</span> <span class='ocrx_word' id='word_1_131' title='bbox 326 2166 479 2243; x_wconf 87' lang='lat' dir='ltr'>discrepat</span> <span class='ocrx_word' id='word_1_132' title='bbox 503 2185 570 2225; x_wconf 92' lang='lat' dir='ltr'>cum</span> <span class='ocrx_word' id='word_1_133' title='bbox 594 2167 642 2235; x_wconf 90' lang='lat' dir='ltr'>iis,</span> <span class='ocrx_word' id='word_1_134' title='bbox 676 2186 754 2243; x_wconf 91' lang='lat' dir='ltr'>quae</span> <span class='ocrx_word' id='word_1_135' title='bbox 778 2168 961 2225; x_wconf 89' lang='lat' dir='ltr'>Plutarchus</span> <span class='ocrx_word' id='word_1_136' title='bbox 993 2152 1117 2244; x_wconf 84' lang='lat' dir='ltr'>scripsit</span> <span class='ocrx_word' id='word_1_137' title='bbox 1139 2167 1251 2225; x_wconf 75' lang='lat' dir='ltr'>duliam</span> <span class='ocrx_word' id='word_1_138' title='bbox 1274 2184 1355 2225; x_wconf 85' lang='lat' dir='ltr'>anno</span> 
     </span>
     <span class='ocr_line' id='line_1_18' title="bbox 178 2273 1354 2351; baseline 0 -21"><span class='ocrx_word' id='word_1_139' title='bbox 178 2273 336 2347; x_wconf 88' lang='lat' dir='ltr'>superiore</span> <span class='ocrx_word' id='word_1_140' title='bbox 360 2273 419 2334; x_wconf 89' lang='lat' dir='ltr'>LV.</span> <span class='ocrx_word' id='word_1_141' title='bbox 452 2275 592 2333; x_wconf 90' lang='lat' dir='ltr'>abortum</span> <span class='ocrx_word' id='word_1_142' title='bbox 623 2275 734 2333; x_wconf 88' lang='lat' dir='ltr'>fecisse</span> <span class='ocrx_word' id='word_1_143' title='bbox 759 2273 872 2351; x_wconf 77' lang='lat' dir='ltr'>(Pomp.</span> <span class='ocrx_word' id='word_1_144' title='bbox 890 2274 952 2351; x_wconf 77' lang='lat'>53).</span> <span class='ocrx_word' id='word_1_145' title='bbox 999 2275 1131 2333; x_wconf 76' lang='lat' dir='ltr'>Comitia</span> <span class='ocrx_word' id='word_1_146' title='bbox 1160 2275 1239 2333; x_wconf 91' lang='lat' dir='ltr'>euim</span> <span class='ocrx_word' id='word_1_147' title='bbox 1270 2274 1354 2331; x_wconf 92' lang='lat' dir='ltr'>aedi-</span> 
     </span>
     <span class='ocr_line' id='line_1_19' title="bbox 179 2378 1354 2455; baseline 0.002 -19"><span class='ocrx_word' id='word_1_148' title='bbox 179 2378 257 2447; x_wconf 89' lang='lat' dir='ltr'>licia,</span> <span class='ocrx_word' id='word_1_149' title='bbox 276 2380 321 2437; x_wconf 78' lang='lat' dir='ltr'>&#39;de</span> <span class='ocrx_word' id='word_1_150' title='bbox 345 2381 457 2455; x_wconf 91' lang='lat' dir='ltr'>quibus</span> <span class='ocrx_word' id='word_1_151' title='bbox 480 2382 538 2439; x_wconf 93' lang='lat' dir='ltr'>hoc</span> <span class='ocrx_word' id='word_1_152' title='bbox 562 2381 631 2439; x_wconf 95' lang='lat' dir='ltr'>loco</span> <span class='ocrx_word' id='word_1_153' title='bbox 656 2382 737 2449; x_wconf 92' lang='lat' dir='ltr'>dicit,</span> <span class='ocrx_word' id='word_1_154' title='bbox 763 2382 848 2439; x_wconf 83' lang='lat' dir='ltr'>facta</span> <span class='ocrx_word' id='word_1_155' title='bbox 870 2382 1011 2439; x_wconf 91' lang='lat' dir='ltr'>videntur</span> <span class='ocrx_word' id='word_1_156' title='bbox 1035 2399 1103 2439; x_wconf 88' lang='lat' dir='ltr'>esse</span> <span class='ocrx_word' id='word_1_157' title='bbox 1127 2384 1198 2439; x_wconf 87' lang='lat' dir='ltr'>ante</span> <span class='ocrx_word' id='word_1_158' title='bbox 1222 2398 1354 2439; x_wconf 87' lang='lat' dir='ltr'>mensem</span> 
     </span>
     <span class='ocr_line' id='line_1_20' title="bbox 177 2484 1354 2565; baseline 0.001 -22"><span class='ocrx_word' id='word_1_159' title='bbox 177 2484 302 2555; x_wconf 87' lang='lat' dir='ltr'>Maium,</span> <span class='ocrx_word' id='word_1_160' title='bbox 328 2488 477 2562; x_wconf 89' lang='lat' dir='ltr'>siquidem</span> <span class='ocrx_word' id='word_1_161' title='bbox 501 2488 530 2547; x_wconf 81' lang='lat' dir='ltr'>G.</span> <span class='ocrx_word' id='word_1_162' title='bbox 554 2488 696 2557; x_wconf 89' lang='lat' dir='ltr'>Messius,</span> <span class='ocrx_word' id='word_1_163' title='bbox 730 2489 795 2547; x_wconf 90' lang='lat' dir='ltr'>eius</span> <span class='ocrx_word' id='word_1_164' title='bbox 820 2489 893 2545; x_wconf 88' lang='lat' dir='ltr'>anni</span> <span class='ocrx_word' id='word_1_165' title='bbox 916 2485 1064 2565; x_wconf 68' lang='lat' dir='ltr'>aedilis2),</span> <span class='ocrx_word' id='word_1_166' title='bbox 1096 2488 1187 2546; x_wconf 90' lang='lat' dir='ltr'>ludos</span> <span class='ocrx_word' id='word_1_167' title='bbox 1218 2488 1354 2545; x_wconf 78' lang='lat' dir='ltr'>Florales</span> 
     </span>
     <span class='ocr_line' id='line_1_21' title="bbox 178 2592 1355 2672; baseline 0.002 -21"><span class='ocrx_word' id='word_1_168' title='bbox 178 2592 230 2671; x_wconf 68' lang='lat' dir='ltr'>(ab</span> <span class='ocrx_word' id='word_1_169' title='bbox 254 2612 281 2651; x_wconf 92' lang='lat' dir='ltr'>a.</span> <span class='ocrx_word' id='word_1_170' title='bbox 306 2594 332 2652; x_wconf 93' lang='lat' dir='ltr'>d.</span> <span class='ocrx_word' id='word_1_171' title='bbox 349 2594 398 2651; x_wconf 92' lang='lat' dir='ltr'>IV.</span> <span class='ocrx_word' id='word_1_172' title='bbox 415 2594 481 2653; x_wconf 89' lang='lat' dir='ltr'>Kal.</span> <span class='ocrx_word' id='word_1_173' title='bbox 498 2595 567 2653; x_wconf 86' lang='lat' dir='ltr'>Mai.</span> <span class='ocrx_word' id='word_1_174' title='bbox 592 2613 690 2670; x_wconf 88' lang='lat' dir='ltr'>usque</span> <span class='ocrx_word' id='word_1_175' title='bbox 714 2596 752 2653; x_wconf 89' lang='lat' dir='ltr'>ad</span> <span class='ocrx_word' id='word_1_176' title='bbox 770 2595 804 2655; x_wconf 89' lang='lat' dir='ltr'>V.</span> <span class='ocrx_word' id='word_1_177' title='bbox 820 2593 908 2672; x_wconf 78' lang='lat' dir='ltr'>Non.)</span> <span class='ocrx_word' id='word_1_178' title='bbox 933 2592 1133 2672; x_wconf 64' lang='lat' dir='ltr'>apparavitff).</span> <span class='ocrx_word' id='word_1_179' title='bbox 1169 2595 1240 2653; x_wconf 90' lang='lat' dir='ltr'>lude</span> <span class='ocrx_word' id='word_1_180' title='bbox 1257 2613 1355 2669; x_wconf 91' lang='lat' dir='ltr'>usque</span> 
     </span>
     <span class='ocr_line' id='line_1_22' title="bbox 180 2700 1261 2777; baseline 0.002 -20"><span class='ocrx_word' id='word_1_181' title='bbox 180 2700 220 2757; x_wconf 88' lang='lat' dir='ltr'>ad</span> <span class='ocrx_word' id='word_1_182' title='bbox 244 2700 370 2759; x_wconf 91' lang='lat' dir='ltr'>alterum</span> <span class='ocrx_word' id='word_1_183' title='bbox 395 2702 466 2759; x_wconf 86' lang='lat' dir='ltr'>anni</span> <span class='ocrx_word' id='word_1_184' title='bbox 489 2701 562 2761; x_wconf 90' lang='lat' dir='ltr'>LIV.</span> <span class='ocrx_word' id='word_1_185' title='bbox 586 2705 707 2777; x_wconf 89' lang='lat' dir='ltr'>partum</span> <span class='ocrx_word' id='word_1_186' title='bbox 731 2703 866 2777; x_wconf 88' lang='lat' dir='ltr'>spatium</span> <span class='ocrx_word' id='word_1_187' title='bbox 889 2702 959 2777; x_wconf 90' lang='lat' dir='ltr'>plus</span> <span class='ocrx_word' id='word_1_188' title='bbox 982 2703 1042 2759; x_wconf 81' lang='lat' dir='ltr'>fuit</span> <span class='ocrx_word' id='word_1_189' title='bbox 1065 2703 1156 2760; x_wconf 91' lang='lat' dir='ltr'>unius</span> <span class='ocrx_word' id='word_1_190' title='bbox 1179 2702 1261 2760; x_wconf 90' lang='lat' dir='ltr'>anni.</span> 
     </span>
    </p>

    <p class='ocr_par' dir='ltr' id='par_1_7' title="bbox 177 2808 1356 3527">
     <span class='ocr_line' id='line_1_23' title="bbox 268 2808 1355 2885; baseline 0.003 -21"><span class='ocrx_word' id='word_1_191' title='bbox 268 2808 385 2876; x_wconf 82' lang='lat' dir='ltr'>Restat,</span> <span class='ocrx_word' id='word_1_192' title='bbox 418 2812 454 2867; x_wconf 84' lang='lat' dir='ltr'>ut</span> <span class='ocrx_word' id='word_1_193' title='bbox 488 2826 651 2884; x_wconf 85' lang='lat' dir='ltr'>exponam,</span> <span class='ocrx_word' id='word_1_194' title='bbox 687 2827 749 2885; x_wconf 90' lang='lat' dir='ltr'>qua</span> <span class='ocrx_word' id='word_1_195' title='bbox 779 2809 913 2885; x_wconf 86' lang='lat' dir='ltr'>epistula</span> <span class='ocrx_word' id='word_1_196' title='bbox 943 2809 1063 2867; x_wconf 88' lang='lat' dir='ltr'>Marcus</span> <span class='ocrx_word' id='word_1_197' title='bbox 1098 2809 1212 2867; x_wconf 80' lang='lat' dir='ltr'>duliam</span> <span class='ocrx_word' id='word_1_198' title='bbox 1243 2828 1259 2867; x_wconf 98' lang='lat' dir='ltr'>e</span> <span class='ocrx_word' id='word_1_199' title='bbox 1289 2809 1355 2867; x_wconf 88' lang='lat' dir='ltr'>vita</span> 
     </span>
     <span class='ocr_line' id='line_1_24' title="bbox 180 2914 1354 2991; baseline 0.001 -19"><span class='ocrx_word' id='word_1_200' title='bbox 180 2914 362 2973; x_wconf 88' lang='lat' dir='ltr'>discessisse</span> <span class='ocrx_word' id='word_1_201' title='bbox 392 2916 479 2973; x_wconf 81' lang='lat' dir='ltr'>fratri</span> <span class='ocrx_word' id='word_1_202' title='bbox 510 2917 670 2974; x_wconf 86' lang='lat' dir='ltr'>nuntiasse</span> <span class='ocrx_word' id='word_1_203' title='bbox 702 2917 850 2974; x_wconf 90' lang='lat' dir='ltr'>videatur.</span> <span class='ocrx_word' id='word_1_204' title='bbox 896 2917 997 2991; x_wconf 88' lang='lat' dir='ltr'>Atque</span> <span class='ocrx_word' id='word_1_205' title='bbox 1028 2916 1142 2974; x_wconf 79' lang='lat' dir='ltr'>duliam</span> <span class='ocrx_word' id='word_1_206' title='bbox 1173 2916 1253 2974; x_wconf 88' lang='lat' dir='ltr'>circa</span> <span class='ocrx_word' id='word_1_207' title='bbox 1277 2916 1354 2973; x_wconf 91' lang='lat' dir='ltr'>Non.</span> 
     </span>
     <span class='ocr_line' id='line_1_25' title="bbox 178 3020 1355 3098; baseline 0.001 -20"><span class='ocrx_word' id='word_1_208' title='bbox 178 3020 279 3090; x_wconf 81' lang='lat' dir='ltr'>Quint</span> <span class='ocrx_word' id='word_1_209' title='bbox 303 3025 453 3081; x_wconf 88' lang='lat' dir='ltr'>mortuam</span> <span class='ocrx_word' id='word_1_210' title='bbox 478 3040 547 3081; x_wconf 89' lang='lat' dir='ltr'>esse</span> <span class='ocrx_word' id='word_1_211' title='bbox 564 3022 775 3096; x_wconf 78' lang='lat' dir='ltr'>cognovimus3</span> <span class='ocrx_word' id='word_1_212' title='bbox 800 3040 871 3097; x_wconf 82' lang='lat' dir='ltr'>ergo</span> <span class='ocrx_word' id='word_1_213' title='bbox 895 3023 978 3080; x_wconf 90' lang='lat' dir='ltr'>illam</span> <span class='ocrx_word' id='word_1_214' title='bbox 995 3023 1157 3098; x_wconf 89' lang='lat' dir='ltr'>epistulam</span> <span class='ocrx_word' id='word_1_215' title='bbox 1174 3023 1355 3098; x_wconf 91' lang='lat' dir='ltr'>paulopost</span> 
     </span>
     <span class='ocr_line' id='line_1_26' title="bbox 177 3129 1354 3205; baseline 0.001 -20"><span class='ocrx_word' id='word_1_216' title='bbox 177 3134 217 3195; x_wconf 89' lang='lat' dir='ltr'>et,</span> <span class='ocrx_word' id='word_1_217' title='bbox 244 3132 408 3205; x_wconf 86' lang='lat' dir='ltr'>antequam</span> <span class='ocrx_word' id='word_1_218' title='bbox 433 3148 512 3205; x_wconf 92' lang='lat' dir='ltr'>quae</span> <span class='ocrx_word' id='word_1_219' title='bbox 536 3134 584 3189; x_wconf 88' lang='lat' dir='ltr'>est</span> <span class='ocrx_word' id='word_1_220' title='bbox 607 3130 700 3188; x_wconf 87' lang='lat'>1114.</span> <span class='ocrx_word' id='word_1_221' title='bbox 723 3130 900 3198; x_wconf 85' lang='lat' dir='ltr'>mitteretur,</span> <span class='ocrx_word' id='word_1_222' title='bbox 934 3130 1038 3188; x_wconf 87' lang='lat' dir='ltr'>datam</span> <span class='ocrx_word' id='word_1_223' title='bbox 1069 3147 1137 3188; x_wconf 86' lang='lat' dir='ltr'>esse</span> <span class='ocrx_word' id='word_1_224' title='bbox 1161 3129 1225 3187; x_wconf 89' lang='lat' dir='ltr'>veri</span> <span class='ocrx_word' id='word_1_225' title='bbox 1257 3129 1354 3187; x_wconf 88' lang='lat' dir='ltr'>simile</span> 
     </span>
     <span class='ocr_line' id='line_1_27' title="bbox 181 3234 1356 3313; baseline 0 -20"><span class='ocrx_word' id='word_1_226' title='bbox 181 3238 239 3294; x_wconf 87' lang='lat' dir='ltr'>est.</span> <span class='ocrx_word' id='word_1_227' title='bbox 285 3237 368 3294; x_wconf 89' lang='lat' dir='ltr'>Haec</span> <span class='ocrx_word' id='word_1_228' title='bbox 392 3237 471 3294; x_wconf 89' lang='lat' dir='ltr'>enim</span> <span class='ocrx_word' id='word_1_229' title='bbox 494 3239 568 3312; x_wconf 88' lang='lat' dir='ltr'>post</span> <span class='ocrx_word' id='word_1_230' title='bbox 589 3237 660 3294; x_wconf 89' lang='lat' dir='ltr'>Idus</span> <span class='ocrx_word' id='word_1_231' title='bbox 685 3236 842 3307; x_wconf 83' lang='lat' dir='ltr'>Quintiles,</span> <span class='ocrx_word' id='word_1_232' title='bbox 877 3240 1005 3294; x_wconf 85' lang='lat' dir='ltr'>exeunte</span> <span class='ocrx_word' id='word_1_233' title='bbox 1029 3254 1131 3294; x_wconf 88' lang='lat' dir='ltr'>mense</span> <span class='ocrx_word' id='word_1_234' title='bbox 1155 3235 1190 3313; x_wconf 78' lang='lat' dir='ltr'>(c.</span> <span class='ocrx_word' id='word_1_235' title='bbox 1207 3234 1248 3313; x_wconf 82' lang='lat'>4).</span> <span class='ocrx_word' id='word_1_236' title='bbox 1281 3236 1356 3294; x_wconf 87' lang='lat' dir='ltr'>data</span> 
     </span>
     <span class='ocr_line' id='line_1_28' title="bbox 178 3337 1354 3420; baseline 0 -20"><span class='ocrx_word' id='word_1_237' title='bbox 178 3345 235 3408; x_wconf 90' lang='lat' dir='ltr'>est,</span> <span class='ocrx_word' id='word_1_238' title='bbox 262 3361 360 3420; x_wconf 88' lang='lat' dir='ltr'>neque</span> <span class='ocrx_word' id='word_1_239' title='bbox 384 3345 420 3401; x_wconf 92' lang='lat' dir='ltr'>de</span> <span class='ocrx_word' id='word_1_240' title='bbox 436 3344 521 3401; x_wconf 62' lang='lat' dir='ltr'>,Iulia</span> <span class='ocrx_word' id='word_1_241' title='bbox 544 3344 711 3419; x_wconf 90' lang='lat' dir='ltr'>quidquam</span> <span class='ocrx_word' id='word_1_242' title='bbox 735 3337 879 3418; x_wconf 88' lang='lat' dir='ltr'>scriptum</span> <span class='ocrx_word' id='word_1_243' title='bbox 903 3343 1003 3401; x_wconf 86' lang='lat' dir='ltr'>habet</span> <span class='ocrx_word' id='word_1_244' title='bbox 1050 3344 1228 3417; x_wconf 84' lang='lat' dir='ltr'>Superiores</span> <span class='ocrx_word' id='word_1_245' title='bbox 1252 3345 1354 3401; x_wconf 87' lang='lat' dir='ltr'>autem</span> 
     </span>
     <span class='ocr_line' id='line_1_29' title="bbox 177 3447 1354 3527; baseline 0 -20"><span class='ocrx_word' id='word_1_246' title='bbox 177 3449 281 3523; x_wconf 90' lang='lat' dir='ltr'>plures</span> <span class='ocrx_word' id='word_1_247' title='bbox 298 3452 433 3526; x_wconf 89' lang='lat' dir='ltr'>periisse</span> <span class='ocrx_word' id='word_1_248' title='bbox 457 3452 547 3508; x_wconf 91' lang='lat' dir='ltr'>etiam</span> <span class='ocrx_word' id='word_1_249' title='bbox 571 3450 641 3508; x_wconf 86' lang='lat' dir='ltr'>aliis</span> <span class='ocrx_word' id='word_1_250' title='bbox 658 3452 749 3509; x_wconf 90' lang='lat' dir='ltr'>rebus</span> <span class='ocrx_word' id='word_1_251' title='bbox 765 3450 1005 3508; x_wconf 90' lang='lat' dir='ltr'>concludendum</span> <span class='ocrx_word' id='word_1_252' title='bbox 1029 3452 1077 3507; x_wconf 89' lang='lat' dir='ltr'>est</span> <span class='ocrx_word' id='word_1_253' title='bbox 1099 3449 1148 3527; x_wconf 77' lang='lat' dir='ltr'>(cl.</span> <span class='ocrx_word' id='word_1_254' title='bbox 1164 3469 1191 3525; x_wconf 93' lang='lat' dir='ltr'>p.</span> <span class='ocrx_word' id='word_1_255' title='bbox 1209 3450 1266 3519; x_wconf 86' lang='lat'>24;</span> <span class='ocrx_word' id='word_1_256' title='bbox 1291 3447 1354 3525; x_wconf 79' lang='lat'>48).</span> 
     </span>
    </p>

    <p class='ocr_par' dir='ltr' id='par_1_8' title="bbox 177 3556 1355 3955">
     <span class='ocr_line' id='line_1_30' title="bbox 268 3556 1354 3632; baseline -0.001 -18"><span class='ocrx_word' id='word_1_257' title='bbox 268 3557 383 3615; x_wconf 89' lang='lat' dir='ltr'>Deinde</span> <span class='ocrx_word' id='word_1_258' title='bbox 415 3574 557 3632; x_wconf 88' lang='lat' dir='ltr'>quaerere</span> <span class='ocrx_word' id='word_1_259' title='bbox 587 3558 666 3625; x_wconf 91' lang='lat' dir='ltr'>licet,</span> <span class='ocrx_word' id='word_1_260' title='bbox 698 3576 770 3616; x_wconf 90' lang='lat' dir='ltr'>num</span> <span class='ocrx_word' id='word_1_261' title='bbox 800 3557 880 3615; x_wconf 84' lang='lat' dir='ltr'>forte</span> <span class='ocrx_word' id='word_1_262' title='bbox 911 3557 1013 3632; x_wconf 87' lang='lat' dir='ltr'>capita</span> <span class='ocrx_word' id='word_1_263' title='bbox 1035 3556 1076 3613; x_wconf 96' lang='lat' dir='ltr'>lll</span> <span class='ocrx_word' id='word_1_264' title='bbox 1096 3558 1122 3625; x_wconf 95' lang='grc'>1,</span> <span class='ocrx_word' id='word_1_265' title='bbox 1138 3556 1285 3616; x_wconf 77' lang='lat'>17.-20.</span> <span class='ocrx_word' id='word_1_266' title='bbox 1316 3574 1354 3614; x_wconf 85' lang='lat' dir='ltr'>ex</span> 
     </span>
     <span class='ocr_line' id='line_1_31' title="bbox 178 3663 1355 3742; baseline 0 -22"><span class='ocrx_word' id='word_1_267' title='bbox 178 3663 313 3737; x_wconf 87' lang='lat' dir='ltr'>epistula</span> <span class='ocrx_word' id='word_1_268' title='bbox 329 3664 462 3739; x_wconf 88' lang='lat' dir='ltr'>quadam</span> <span class='ocrx_word' id='word_1_269' title='bbox 484 3664 602 3739; x_wconf 89' lang='lat' dir='ltr'>reliqua</span> <span class='ocrx_word' id='word_1_270' title='bbox 625 3664 703 3742; x_wconf 89' lang='lat' dir='ltr'>sint,</span> <span class='ocrx_word' id='word_1_271' title='bbox 721 3682 800 3739; x_wconf 91' lang='lat' dir='ltr'>quae</span> <span class='ocrx_word' id='word_1_272' title='bbox 823 3664 915 3722; x_wconf 86' lang='lat' dir='ltr'>fuerit</span> <span class='ocrx_word' id='word_1_273' title='bbox 937 3664 1015 3721; x_wconf 90' lang='lat' dir='ltr'>inter</span> <span class='ocrx_word' id='word_1_274' title='bbox 1038 3664 1186 3738; x_wconf 86' lang='lat' dir='ltr'>epistulas</span> <span class='ocrx_word' id='word_1_275' title='bbox 1210 3663 1300 3721; x_wconf 82' lang='lat'>1115.</span> <span class='ocrx_word' id='word_1_276' title='bbox 1324 3664 1355 3720; x_wconf 90' lang='lat' dir='ltr'>et</span> 
     </span>
     <span class='ocr_line' id='line_1_32' title="bbox 177 3768 1355 3847; baseline 0.001 -21"><span class='ocrx_word' id='word_1_277' title='bbox 177 3768 218 3826; x_wconf 86' lang='grc' dir='ltr'>ΙΙΙ</span> <span class='ocrx_word' id='word_1_278' title='bbox 239 3770 268 3838; x_wconf 91' lang='lat'>1;</span> <span class='ocrx_word' id='word_1_279' title='bbox 312 3787 391 3846; x_wconf 89' lang='lat' dir='ltr'>quae</span> <span class='ocrx_word' id='word_1_280' title='bbox 431 3772 584 3829; x_wconf 90' lang='lat' dir='ltr'>sententia</span> <span class='ocrx_word' id='word_1_281' title='bbox 637 3789 820 3846; x_wconf 88' lang='lat' dir='ltr'>quamquam</span> <span class='ocrx_word' id='word_1_282' title='bbox 864 3774 987 3847; x_wconf 91' lang='lat' dir='ltr'>propter</span> <span class='ocrx_word' id='word_1_283' title='bbox 1033 3774 1212 3845; x_wconf 84' lang='lat' dir='ltr'>argumenta</span> <span class='ocrx_word' id='word_1_284' title='bbox 1257 3769 1355 3827; x_wconf 90' lang='lat' dir='ltr'>allata</span> 
     </span>
     <span class='ocr_line' id='line_1_33' title="bbox 177 3874 1353 3955; baseline 0 -22"><span class='ocrx_word' id='word_1_285' title='bbox 177 3874 356 3955; x_wconf 68' lang='lat' dir='ltr'>(ps-14)</span> <span class='ocrx_word' id='word_1_286' title='bbox 387 3878 587 3953; x_wconf 89' lang='lat' dir='ltr'>improbanda</span> <span class='ocrx_word' id='word_1_287' title='bbox 617 3881 673 3947; x_wconf 90' lang='lat' dir='ltr'>est,</span> <span class='ocrx_word' id='word_1_288' title='bbox 706 3881 808 3935; x_wconf 89' lang='lat' dir='ltr'>tamen</span> <span class='ocrx_word' id='word_1_289' title='bbox 840 3878 973 3935; x_wconf 90' lang='lat' dir='ltr'>concedo</span> <span class='ocrx_word' id='word_1_290' title='bbox 1001 3877 1081 3934; x_wconf 89' lang='lat' dir='ltr'>inter</span> <span class='ocrx_word' id='word_1_291' title='bbox 1110 3877 1180 3935; x_wconf 88' lang='lat' dir='ltr'>illas</span> <span class='ocrx_word' id='word_1_292' title='bbox 1204 3876 1353 3952; x_wconf 89' lang='lat' dir='ltr'>epistulas</span> 
     </span>
    </p>
   </div>
   <div class='ocr_carea' id='block_1_6' title="bbox 177 3996 392 4009">
    <p class='ocr_par' dir='ltr' id='par_1_9' title="bbox 177 3996 392 4009">
     <span class='ocr_line' id='line_1_34' title="bbox 177 3996 392 4009; baseline 0 0"><span class='ocrx_word' id='word_1_293' title='bbox 177 3996 392 4009; x_wconf 64' lang='lat' dir='ltr'>h——————-</span> 
     </span>
    </p>
   </div>
   <div class='ocr_carea' id='block_1_7' title="bbox 178 4047 1352 4388">
    <p class='ocr_par' dir='ltr' id='par_1_10' title="bbox 178 4047 1352 4209">
     <span class='ocr_line' id='line_1_35' title="bbox 270 4047 1352 4120; baseline 0 -17"><span class='ocrx_word' id='word_1_294' title='bbox 270 4052 287 4120; x_wconf 72' lang='lat' dir='ltr'>¹l</span> <span class='ocrx_word' id='word_1_295' title='bbox 308 4050 430 4105; x_wconf 88' lang='lat' dir='ltr'>Velleius</span> <span class='ocrx_word' id='word_1_296' title='bbox 442 4050 553 4105; x_wconf 88' lang='lat' dir='ltr'>Patere.</span> <span class='ocrx_word' id='word_1_297' title='bbox 563 4049 588 4115; x_wconf 90' lang='lat'>2,</span> <span class='ocrx_word' id='word_1_298' title='bbox 598 4049 644 4117; x_wconf 75' lang='lat'>473</span> <span class='ocrx_word' id='word_1_299' title='bbox 666 4047 774 4105; x_wconf 87' lang='lat' dir='ltr'>Sueton</span> <span class='ocrx_word' id='word_1_300' title='bbox 786 4049 835 4117; x_wconf 82' lang='lat'>26;</span> <span class='ocrx_word' id='word_1_301' title='bbox 854 4050 960 4104; x_wconf 86' lang='lat' dir='ltr'>Lucan.</span> <span class='ocrx_word' id='word_1_302' title='bbox 973 4049 999 4115; x_wconf 80' lang='lat'>5,</span> <span class='ocrx_word' id='word_1_303' title='bbox 1009 4049 1078 4114; x_wconf 78' lang='lat'>474;</span> <span class='ocrx_word' id='word_1_304' title='bbox 1098 4048 1135 4104; x_wconf 86' lang='lat' dir='ltr'>cf.</span> <span class='ocrx_word' id='word_1_305' title='bbox 1148 4049 1293 4103; x_wconf 86' lang='lat' dir='ltr'>Drumann</span> <span class='ocrx_word' id='word_1_306' title='bbox 1306 4048 1352 4104; x_wconf 95' lang='lat' dir='ltr'>lll.</span> 
     </span>
     <span class='ocr_line' id='line_1_36' title="bbox 178 4138 436 4209; baseline 0 -16"><span class='ocrx_word' id='word_1_307' title='bbox 178 4155 205 4209; x_wconf 94' lang='lat' dir='ltr'>p.</span> <span class='ocrx_word' id='word_1_308' title='bbox 219 4138 281 4194; x_wconf 80' lang='lat'>763.</span> <span class='ocrx_word' id='word_1_309' title='bbox 300 4140 396 4195; x_wconf 89' lang='lat' dir='ltr'>adnot.</span> <span class='ocrx_word' id='word_1_310' title='bbox 409 4140 436 4194; x_wconf 83' lang='lat'>4.</span> 
     </span>
    </p>

    <p class='ocr_par' dir='ltr' id='par_1_11' title="bbox 267 4227 1016 4299">
     <span class='ocr_line' id='line_1_37' title="bbox 267 4227 1016 4299; baseline 0 -16"><span class='ocrx_word' id='word_1_311' title='bbox 267 4227 287 4296; x_wconf 75' lang='lat' dir='ltr'>⁹t</span> <span class='ocrx_word' id='word_1_312' title='bbox 306 4230 411 4298; x_wconf 85' lang='lat' dir='ltr'>Lange,</span> <span class='ocrx_word' id='word_1_313' title='bbox 432 4228 514 4283; x_wconf 81' lang='lat' dir='ltr'>Rom.</span> <span class='ocrx_word' id='word_1_314' title='bbox 531 4227 633 4283; x_wconf 87' lang='lat' dir='ltr'>Altert.</span> <span class='ocrx_word' id='word_1_315' title='bbox 652 4227 699 4283; x_wconf 88' lang='grc' dir='ltr'>ΙΙΙ.</span> <span class='ocrx_word' id='word_1_316' title='bbox 718 4228 774 4283; x_wconf 89' lang='lat' dir='ltr'>vol.</span> <span class='ocrx_word' id='word_1_317' title='bbox 795 4227 888 4283; x_wconf 68' lang='lat'>18762.</span> <span class='ocrx_word' id='word_1_318' title='bbox 908 4244 935 4299; x_wconf 90' lang='lat' dir='ltr'>p.</span> <span class='ocrx_word' id='word_1_319' title='bbox 954 4227 1016 4283; x_wconf 72' lang='lat'>338.</span> 
     </span>
    </p>

    <p class='ocr_par' dir='ltr' id='par_1_12' title="bbox 269 4317 872 4388">
     <span class='ocr_line' id='line_1_38' title="bbox 269 4317 872 4388; baseline -0.003 -15"><span class='ocrx_word' id='word_1_320' title='bbox 269 4318 288 4388; x_wconf 82' lang='lat'>³)</span> <span class='ocrx_word' id='word_1_321' title='bbox 306 4319 398 4373; x_wconf 86' lang='lat' dir='ltr'>Valer.</span> <span class='ocrx_word' id='word_1_322' title='bbox 417 4320 492 4375; x_wconf 88' lang='lat' dir='ltr'>Max.</span> <span class='ocrx_word' id='word_1_323' title='bbox 504 4317 528 4372; x_wconf 92' lang='lat' dir='ltr'>ll</span> <span class='ocrx_word' id='word_1_324' title='bbox 544 4317 622 4385; x_wconf 86' lang='lat' dir='ltr'>10,s;</span> <span class='ocrx_word' id='word_1_325' title='bbox 643 4318 768 4373; x_wconf 88' lang='lat' dir='ltr'>Koerner</span> <span class='ocrx_word' id='word_1_326' title='bbox 786 4334 813 4388; x_wconf 90' lang='lat' dir='ltr'>p.</span> <span class='ocrx_word' id='word_1_327' title='bbox 826 4317 872 4371; x_wconf 81' lang='lat'>28.</span> 
     </span>
    </p>
   </div>
   <div class='ocr_carea' id='block_1_8' title="bbox 0 0 1642 4959">
    <p class='ocr_par' dir='ltr' id='par_1_13' title="bbox 0 0 1642 4959">
     <span class='ocr_line' id='line_1_39' title="bbox 0 0 1642 4959; baseline 0 1"><span class='ocrx_word' id='word_1_328' title='bbox 0 0 1642 4959; x_wconf 95' lang='lat' dir='ltr'> </span> 
     </span>
    </p>
   </div>
  </div>
 </body>
</html>
