3275 4959
701 406 923 466 ..51-

221 582 257 662 (e.
277 584 315 663 1).
352 586 485 643 Primum
508 602 569 644 non
592 602 747 661 quaeram,
773 586 897 662 quinam
919 583 1033 645 tuerint
1055 584 1099 645 illi
1122 585 1183 645 duo
1207 603 1327 645 manses
1350 618 1396 631 -

220 709 258 750 ex
281 692 436 768 superlore
459 692 538 751 enim
561 692 695 768 epistula
717 693 799 751 haud
824 693 987 751 difficulter
1015 676 1164 753 statuitur
1185 724 1231 736 -
1254 693 1309 753 sed
1332 692 1395 751 alia

217 799 271 858 via
292 817 355 875 qua
370 799 460 859 buius
484 800 634 875 epistulae
656 800 802 875 temporis
825 799 973 858 rationem
995 800 1196 869 inveniamus,
1212 798 1394 875 progrediar.

307 908 408 982 Atque
440 907 574 967 Marcum
608 909 673 966 tum
709 906 835 966 alarius
870 907 1031 966 cuiusdam
1062 906 1170 965 litteris
1205 907 1242 966 dc
1273 906 1396 967 nabab

217 1013 350 1083 fortuna,
383 1031 443 1072 nou
474 1016 514 1072 ab
545 1014 614 1089 ipso
646 1014 801 1072 certiorem
834 1014 950 1072 laetum
981 1032 1050 1073 esse
1073 1014 1189 1076 verbis:
1218 1012 1292 1074 aaa
1320 1012 1395 1074 euim

217 1119 319 1179 scribis
341 1123 434 1196 patet.
477 1120 543 1179 Hac
565 1120 683 1180 ratione
706 1120 807 1190 etiarn,
834 1138 895 1197 quo
919 1120 1054 1197 epistula
1077 1120 1105 1181 9.
1129 1120 1278 1180 mittenda
1299 1124 1392 1191 essct,

178 1254 180 1259 v
220 1228 371 1301 cognovit
414 1228 509 1303 Atqui
532 1246 552 1286 a
574 1227 696 1287 Trebati
719 1228 826 1287 amicis
850 1228 997 1288 Romanis
1021 1228 1052 1286 id
1076 1227 1153 1287 scire
1176 1244 1238 1287 non
1262 1230 1392 1305 poterat,

6 1402 10 1421 ,
96 1376 98 1381 ,
220 1333 294 1408 quia
308 1334 423 1393 nullam
439 1335 560 1394 Trebati
576 1335 740 1411 epistulam
763 1339 830 1393 tum
853 1336 1016 1394 advenisse
1033 1335 1214 1394 credendum
1238 1337 1297 1405 est;
1322 1352 1393 1410 ergo

220 1442 275 1498 aut
297 1459 317 1498 a
339 1441 436 1500 Balbo
460 1445 515 1499 aut
537 1459 557 1499 a
580 1441 691 1513 Quinto
714 1443 808 1501 iratre
832 1442 942 1501 certior
964 1442 1066 1501 iactus
1090 1445 1146 1512 est,
1171 1459 1251 1517 quae
1274 1441 1393 1501 litterae

220 1566 235 1605 e
258 1547 416 1606 Britannia
438 1548 521 1607 latae
544 1551 630 1607 erant
660 1551 691 1607 et
715 1566 769 1607 eae
793 1550 915 1625 quidem
939 1551 1012 1625 post
1034 1566 1062 1608 a.
1079 1535 1390 1624 d.x111.1(e1.'80pa,

219 1671 281 1729 quo
304 1655 367 1713 iere
390 1657 523 1729 tempore
546 1655 659 1731 primae
683 1656 878 1715 Britannicae
901 1658 1057 1715 venerunt

308 1762 424 1838 Neque.
437 1762 502 1821 veri
525 1762 672 1821 dissimile
697 1765 746 1821 est
767 1765 877 1838 putare
901 1763 1083 1833 Ciceronem,
1109 1778 1177 1821 cum
1199 1762 1231 1821 in
1253 1762 1393 1838 Arpinati

219 1870 382 1929 maximam
412 1868 495 1927 illam
526 1870 689 1944 epistulam
714 1869 850 1947 )1111,8)
874 1889 938 1929 una
969 1887 1038 1928 cum
1069 1870 1178 1929 ceteris
1209 1871 1390 1945 accepisset,

219 1976 346 2049 primum
370 1976 486 2052 aliquid
509 1977 545 2035 de
561 1976 703 2036 Trebatio
728 1978 920 2052 comperisse.
956 1977 1061 2053 Neque
1084 1977 1171 2046 enim,
1197 1995 1277 2053 quae
1300 1979 1393 2035 antea

218 2083 354 2141 redditae
378 2085 464 2142 erant
479 2082 597 2143 litterae
614 2083 695 2142 cirea
718 2102 745 2144 a.
762 2084 789 2142 d.
806 2084 880 2142 XIIL
895 2084 962 2143 Kal.
980 2085 1060 2160 Sept.
1086 2087 1117 2143 et
1133 2084 1240 2142 deinde
1256 2102 1283 2143 a
1300 2084 1328 2142 d.
1344 2083 1391 2143 XI.

218 2188 284 2248 Kal.
301 2190 382 2265 Sept
400 2191 438 2266 (p.
458 2189 606 2269 14-15),
633 2191 782 2249 eiusmodi
804 2192 944 2250 nuntium
967 2192 1114 2250 habuisse
1137 2191 1293 2260 videntur,
1318 2191 1392 2265 quia

219 2314 317 2372 neque
340 2296 468 2354 multum
491 2298 636 2373 temporis
669 2298 707 2356 ad
731 2298 923 2356 scribendum
946 2301 1011 2356 tum
1034 2298 1145 2370 Quinto
1168 2298 1266 2356 fuisse
1297 2314 1392 2373 supra

216 2401 255 2479 (p.
273 2401 325 2480 22)
364 2403 569 2462 conclusimus
607 2422 705 2481 neque
739 2404 861 2485 Marcus
892 2405 955 2465 ullo
989 2407 1083 2463 verbo
1126 2404 1277 2480 epistulae
1301 2404 1390 2462 1115.

216 2508 337 2568 Trebati
360 2527 409 2567 res
433 2513 588 2569 memorat.
620 2512 707 2583 Quod
731 2515 949 2587 argumentum,
975 2513 1057 2587 quod
1080 2512 1190 2571 dicitur
1212 2528 1248 2570 eac
1269 2510 1388 2580 siieuiio,

217 2633 402 2692 quamquam
425 2634 486 2675 non
510 2620 559 2676 est
573 2619 797 2693 gravissimum,
822 2622 925 2678 tamen
948 2636 1016 2677 cum
1039 2618 1174 2694 epistula
1196 2618 1277 2678 1111.
1301 2621 1332 2677 et
1354 2636 1391 2677 ea

217 2740 296 2798 quae
320 2725 367 2781 est
388 2724 459 2783 iam.
476 2724 566 2783 11117.
584 2728 659 2784 bene
683 2726 833 2785 convenit
878 2726 911 2783 ln
935 2725 1068 2801 epistula
1090 2725 1168 2783 enim
1192 2725 1230 2782 ad
1247 2724 1390 2795 Quintum

218 2829 292 2887 data
305 2830 345 2887 III
360 2831 395 2900 1,
420 2832 549 2906 primum
564 2832 686 2892 Trebati
709 2851 818 2892 nomen
841 2833 931 2892 nobis
948 2833 1119 2891 exhibetur:
1142 2829 1180 2890 Iu
1194 2830 1391 2905 Hippodamus

216 2939 243 2994 et
264 2954 320 2995 aee
341 2937 428 2997 uallis
449 2938 517 2997 aliis
539 2940 711 2999 arcessendis
732 2939 800 3015 quid
823 2940 925 3016 capitas
951 2957 1008 2999 eon
1030 2938 1166 3013 intudem.
1212 2937 1303 2997 Nemo
1324 2937 1391 2997 isto·

216 3061 280 3102 rum
302 3048 350 3117 est,
376 3044 444 3120 quia
473 3046 523 3105 abs
546 3048 572 3104 te
593 3063 694 3105 atauus
715 3046 801 3120 faedi
823 3046 978 3106 suburbani
1006 3045 1100 3105 instar
1129 3046 1274 3119 exspem
1324 3044 1391 3111 Tre·

216 3149 322 3209 baiam
351 3168 418 3209 aere
452 3169 544 3211 meum
573 3151 646 3229 qued
674 3152 729 3212 iste
759 3153 914 3213 admisceas
947 3151 1021 3212 nibil
1049 3155 1097 3211 est.
1147 3151 1211 3227 Epo
1240 3150 1324 3209 ilium
1352 3150 1391 3209 ad

217 3253 365 3315 Gaesarem
386 3257 461 3331 misi,
491 3258 541 3335 qui
566 3258 639 3318 mibi
667 3258 727 3319 meu
749 3259 917 3332 satisfecit.
963 3257 998 3317 Si
1026 3258 1084 3335 ipsi
1112 3259 1214 3331 miuus,
1240 3261 1391 3331 prostare

212 3363 289 3427 ubil
310 3364 400 3438 debeo,
423 3368 500 3441 teque
521 3365 588 3424 item
610 3366 646 3425 ab
668 3383 699 3424 ea
721 3366 836 3426 vindica
859 3370 885 3425 et
908 3366 994 3425 bbere
1019 3364 1053 3443 (c.
1071 3364 1111 3442 9).
1157 3365 1235 3435 Quid
1259 3364 1390 3435 Quintus

216 3471 252 3528 de
276 3471 417 3531 Trebatio
441 3472 540 3531 lacere
563 3461 703 3542 voluerit,
737 3475 815 3531 satis
839 3491 900 3531 non
923 3475 1064 3548 apparet;
1096 3472 1204 3547 opinor
1227 3489 1295 3530 eum
1319 3489 1390 3546 pro-

216 3577 317 3636 hibere
341 3579 508 3646 studuisse,
533 3596 571 3636 ne
587 3579 748 3637 Trebatius
771 3580 881 3637 rediret
904 3579 1046 3640 eGallia.
1082 3578 1155 3637 Cum
1178 3578 1257 3636 enim
1279 3578 1390 3636 litteris

216 3682 322 3742 deinde
345 3701 365 3742 a
388 3685 531 3743 Trebatio
562 3686 697 3761 acceptis
729 3686 820 3743 animi
852 3687 918 3743 eius
950 3686 1150 3753 mutationem
1183 3686 1388 3760 cognovisset,

216 3789 255 3846 ad
285 3790 467 3849 familiarem
490 3791 610 3849 Marcus
640 3792 808 3867 rescripsit:
840 3792 891 3849 Eae
919 3791 975 3851 bris
997 3792 1100 3852 litteris
1122 3795 1148 3850 et
1172 3790 1277 3867 Quinto
1300 3792 1392 3864 fratri

213 3894 324 3970 quatias
345 3897 389 3972 epi
410 3901 437 3956 et
458 3902 485 3957 ie
506 3897 658 3974 aliqum
682 3898 842 3957 mibudare
859 3915 986 3973 pessum,
1008 3898 1081 3975 meod
1102 3898 1163 3957 iam
1184 3897 1293 3956 sideru
1315 3901 1391 3956 certa

120 4050 122 4055 ,
214 4001 310 4078 aiau
336 4003 367 4063 iu
393 4004 531 4063 sententia
561 4004 716 4064 abatissa
738 4004 801 4082 (VII
817 4004 856 4062 17
860 4049 866 4074 ,
880 4004 917 4084 1).
963 4006 1019 4064 illa
1049 4009 1153 4064 autem
1185 4004 1320 4080 epistula
1350 4004 1390 4062 ad

215 4109 358 4178 Quintum
381 4111 456 4168 data
472 4109 572 4189 )Π1,1)
594 4112 697 4170 fratris
721 4112 856 4170 studium
872 4112 963 4187 quasi
985 4112 1102 4182 inutile,
1127 4112 1283 4185 significat
1305 4128 1389 4169 eum-

214 4232 273 4289 que
296 4218 335 4273 ab
359 4217 442 4274 omni
464 4216 496 4275 in
517 4217 696 4277 familiarem
719 4218 823 4278 officio
845 4219 963 4278 liberat

295 4322 387 4392 'Quae
410 4325 572 4383 verborum
601 4327 681 4384 ratio
714 4325 875 4385 convenire
904 4327 1028 4385 videtur
1058 4343 1125 4384 cum
1156 4325 1205 4397 iis,
1239 4344 1318 4402 quae
1349 4325 1389 4383 ad
