3275 4959
715 406 937 465 ...50-

238 576 343 644 elucet.
389 583 490 660 Atque
513 583 583 641 illae
611 583 730 642 litterae
755 583 891 642 Gallicae
923 586 1003 642 certe
1035 586 1168 643 extremo
1199 601 1303 642 mense
1326 583 1413 642 Iunio

142 732 145 737 ψ
237 693 309 749 ante
341 690 425 749 illam
456 690 624 748 litterarum
655 690 910 749 intermissionem
941 688 988 766 (ci.
1012 689 1154 769 41-42)
1191 691 1283 749 datae
1317 694 1412 760 erant,

237 800 403 873 postquam
419 798 558 869 Quintus,
585 814 623 855 ex
647 814 707 872 quo
731 799 868 873 tempore
891 774 1038 855 unacum
1054 798 1195 855 Trebatio
1212 800 1285 867 erat,
1311 797 1414 873 plures

238 904 349 980 spatiis
373 904 555 979 quibusdam
578 894 767 979 interpositis
791 904 911 962 litteras
932 905 971 962 ad
986 904 1110 963 fratrem
1125 904 1217 963 misit.
1251 904 1414 962 Trebatius

237 1012 315 1070 enim
346 1013 439 1070 antea
454 1011 601 1070 ¹Caesaris
631 1011 822 1070 tribunatum
852 1012 1067 1087 repudiaverat
1093 1029 1192 1087 neque
1220 1029 1240 1068 a
1267 1011 1413 1088 principio

237 1120 329 1177 rebus
364 1118 479 1176 bellicis
514 1118 684 1176 delectatus
720 1120 793 1176 erat
854 1119 927 1176 Cum
965 1120 1068 1176 autem
1102 1118 1134 1175 in
1169 1120 1291 1193 portum
1323 1118 1414 1176 ltium

236 1226 374 1283 venisset
397 1228 427 1283 et
449 1225 656 1300 navigationis
680 1222 711 1283 et
734 1225 804 1283 belli
828 1225 995 1284 Britannici
1024 1225 1158 1300 pericula
1186 1225 1345 1295 sensisset,
1379 1228 1415 1283 ut

236 1332 268 1389 in
302 1332 476 1390 bominibus
511 1333 585 1390 urbe
618 1333 855 1407 urbanitateque
892 1332 1032 1390 adsuetis
1068 1332 1136 1390 fieri
1174 1332 1267 1400 solet,
1305 1332 1413 1391 timore

238 1439 371 1515 quodam
395 1441 504 1514 captus
527 1472 571 1482 -
592 1438 692 1497 Cicero
710 1440 746 1497 de
762 1439 820 1497 boc
836 1442 947 1514 postea
969 1440 1090 1498 iocatus
1106 1442 1155 1498 est
1177 1437 1243 1517 (Vll
1261 1438 1310 1508 10,
1322 1437 1352 1517 2)
1369 1472 1414 1482 —

238 1546 399 1604 consilium
416 1546 532 1603 itineris
547 1546 578 1603 in
595 1546 784 1603 Britanniam
808 1546 941 1604 faciendi
964 1546 1085 1605 omnino
1110 1546 1261 1604 abiecisse
1284 1546 1413 1605 videtur.

236 1654 285 1712 lta
306 1654 382 1711 bene
405 1652 597 1728 intellegitur,
629 1670 682 1711 cur
711 1653 902 1711 tribunatum
931 1653 1067 1711 reiecerit
1097 1655 1128 1711 et
1158 1653 1277 1711 litteras
1305 1653 1412 1711 deinde

238 1761 278 1819 ad
301 1761 464 1835 patronum
487 1777 577 1817 suum
601 1759 673 1817 dare
698 1760 942 1835 praetermiserit.

327 1866 359 1923 Si
382 1866 474 1941 igitur
488 1848 663 1925 Trebatium
686 1866 717 1923 in
733 1866 834 1925 Gallia
857 1884 1065 1925 remansurum
1088 1882 1157 1925 esse
1184 1870 1257 1942 post
1283 1864 1412 1924 medium

235 1975 357 2031 demum
391 1973 525 2032 mensem
558 1973 691 2041 lunium,
728 1974 758 2030 id
793 1974 875 2049 quod
906 1974 970 2033 veri
1005 1974 1102 2032 simile
1140 1976 1202 2043 est,
1239 1975 1410 2043 constabat

189 2116 192 2122 ·
238 2080 341 2139 Cicero
372 2081 430 2137 hoc
461 2080 579 2139 sciebat
610 2098 713 2139 mense
743 2080 812 2155 ipso
845 2080 977 2151 Quintili.
1029 2081 1181 2156 Sequitur,
1212 2083 1250 2138 ut
1280 2080 1414 2156 epistula

237 2189 266 2247 7.
289 2188 348 2245 boc
370 2184 505 2261 tempore
529 2189 567 2245 ab
592 2205 628 2246 eo
657 2188 731 2245 data
754 2187 803 2246 sit.
849 2187 917 2246 Non
947 2188 1079 2245 creditur
1110 2206 1177 2245 eam
1207 2190 1281 2263 post
1310 2187 1413 2259 Quinti

237 2294 401 2369 epistulam
424 2293 517 2352 1114.
540 2294 667 2352 missam
698 2312 776 2363 esse,
809 2294 967 2370 quoniam,
1000 2312 1061 2370 quo
1093 2296 1228 2369 tempore
1259 2294 1345 2351 illum
1375 2294 1413 2352 de

236 2401 379 2459 familiari
402 2404 562 2476 acceperat
584 2402 733 2470 nuntium,
764 2401 928 2476 epistulam
953 2402 980 2459 7.
1005 2402 1044 2459 ad
1068 2418 1137 2459 eum
1159 2403 1240 2459 recte
1263 2400 1412 2476 perlatum

236 2508 273 2566 iri
296 2526 418 2583 sperare
442 2509 469 2565 ei
492 2508 616 2577 licebat;
640 2511 750 2583 postea
772 2509 920 2566 incertum
944 2512 1018 2576 erat,
1051 2508 1126 2583 quia
1152 2508 1325 2566 Tr0batium
1357 2510 1414 2565 aut

236 2615 336 2673 locum
360 2617 549 2673 mutaturum
572 2618 627 2674 aut
649 2616 777 2674 Romam
800 2616 861 2674 iam
884 2616 1050 2673 rediturum
1081 2630 1150 2673 esse
1178 2615 1205 2673 ei
1228 2615 1412 2690 sperandum

238 2725 311 2780 erat.
362 2722 505 2780 Fortasse
540 2720 660 2783 litteras
692 2722 721 2781 7.
752 2740 815 2781 una
852 2738 920 2780 cum·
951 2722 1054 2792 Quinti
1090 2722 1223 2796 epistula
1253 2720 1347 2779 1114.
1380 2721 1413 2778 in

237 2831 359 2904 portum
382 2829 472 2887 Itium
495 2829 588 2899 misit,
618 2831 654 2887 ut
678 2829 780 2899 Quinti
813 2828 948 2905 epistula
978 2829 1048 2887 inde
1076 2829 1107 2886 in
1130 2828 1320 2887 Britanniam
1343 2844 1411 2903 per-

235 2935 372 3004 ferretur,
398 2937 429 2994 et
451 2936 601 3004 Trebatio,
636 2936 662 2993 si
694 2936 761 3011 ipse
789 2954 825 2994 eo
850 2936 918 2994 loco
942 2937 1034 3005 esset,
1067 2952 1127 2993 sua
1149 2935 1331 3004 redderetur,
1357 2936 1413 2992 aut

236 3042 376 3111 adeum,
403 3044 430 3101 si
453 3043 650 3101 discessisset
680 3044 712 3101 in
744 3043 838 3101 alium
862 3042 1002 3115 Belgicae
1024 3042 1133 3110 locum,
1168 3059 1204 3100 eo
1234 3042 1411 3099 mitteretur.

235 3148 293 3205 Per
316 3150 394 3207 duos
418 3167 539 3207 menses
563 3150 743 3219 Ciceronem,
777 3150 830 3207 ubi
859 3148 1018 3207 familiaris
1043 3151 1135 3217 esset,
1170 3149 1292 3207 omnino
1323 3149 1411 3223 igno-

234 3272 331 3325 rasse,
355 3257 494 3331 proxima
517 3256 651 3332 epistula
674 3257 702 3314 9.
727 3256 948 3331 cognoscimus.

324 3362 379 3421 His
404 3363 565 3438 explicatis
595 3363 757 3437 epistulam
782 3364 810 3422 7.
835 3364 908 3437 post
930 3362 959 3420 8.
984 3380 1087 3420 mense
1110 3362 1244 3433 Quintili,
1276 3362 1411 3420 fortasse

236 3475 369 3531 extremo
400 3489 463 3529 una
494 3488 561 3528 cum
585 3470 688 3548 Quinti
719 3469 854 3544 epistula
876 3468 969 3526 1114.
993 3487 1013 3527 a
1036 3468 1176 3527 Cicerone
1207 3469 1311 3527 datam
1342 3485 1411 3526 esse

237 3580 375 3656 equidem
398 3580 482 3654 puto.

573 3860 618 3940 D.
645 3859 703 3938 De
732 3856 916 3957 epistula
943 3858 1063 3939 vna.

325 4009 391 4078 Quo
414 4010 549 4081 tempore
573 4004 706 4081 epistula
730 4004 758 4061 9.
783 4004 823 4061 ad
846 4004 1021 4062 Trebatium
1044 4004 1118 4061 data
1142 4003 1191 4073 sit,
1219 4005 1256 4060 ut
1279 4019 1410 4077 cognos-

237 4133 352 4185 camus),
384 4115 460 4173 haec
483 4115 577 4171 verba
599 4111 790 4188 inspicienda
818 4116 904 4168 sunt:
934 4108 1000 4168 Idm
1029 4109 1080 4168 dia
1109 4110 1210 4184 ipaoro
1232 4108 1300 4185 qaid
1328 4125 1412 4184 apua·

231 4222 309 4283 nibil
337 4221 411 4282 atim
441 4220 542 4281 scabis
570 4236 656 4295 aeque
685 4235 733 4294 epo
755 4216 793 4276 cd
816 4220 841 4275 te
862 4216 908 4275 tis
934 4216 1040 4275 duobus
1066 4216 1206 4275 mamitus
1231 4216 1411 4290 scripseram.

234 4329 320 4405 Quod
342 4302 405 4388 cara
427 4330 521 4403 fratre
548 4345 605 4387 coa
628 4344 699 4399 aas,
730 4342 784 4401 quo
811 4323 952 4383 mitterem
979 4328 1031 4383 aad
1053 4324 1099 4382 cai
1121 4323 1227 4396 dorca,
1256 4322 1412 4381 ameiebcm
