3275 4959
697 462 749 511 ¹-
795 430 929 487 47-

227 628 335 669 ansam
368 610 524 667 habemus.
575 608 667 666 Patet
700 608 778 667 enim
803 609 842 666 ad
877 608 1049 666 Trebatium
1082 605 1253 665 Ciceronem
1288 608 1407 666 litteras

226 716 296 775 illas
320 714 432 794 (v118)
464 715 586 773 dedisse
618 716 790 791 proximae,
824 733 893 773 cum
924 734 951 776 a.
974 714 1243 773 d.111.N0n.1un.
1268 714 1407 772 Caesaris

228 823 404 897 accepisset.
461 822 566 899 Neque
601 822 707 881 eodem
741 824 892 897 tempore,
935 839 996 898 quo
1032 816 1071 879 ad
1106 822 1250 892 Quintum
1274 821 1408 879 ¹tratrem

224 918 389 1006 epistulam
411 929 504 989 1113.
529 932 560 987 et
590 929 629 987 ad
653 929 830 996 Gaesarem,
864 946 925 1004 qua
952 928 1142 986 tribunatum
1166 928 1268 987 Curtio
1300 927 1409 1004 petivit

223 1036 273 1114 (ci.
289 1056 317 1112 p.
334 1037 387 1115 21)
404 1036 495 1107 misit,
514 1036 597 1095 illam
613 1036 734 1095 Tmbati
750 1035 849 1105 dedit3
873 1035 904 1092 in
919 1036 978 1093 hac
994 1035 1072 1093 enim
1089 1035 1235 1110 scriptum
1250 1036 1406 1094 videmus:

226 1142 283 1203 aaa
307 1144 417 1220 quiden
439 1161 487 1220 epo
509 1142 645 1218 rescripsi
673 1160 758 1219 qaam
779 1142 852 1201 mibi
873 1145 988 1221 pratum
1009 1145 1078 1200 essa
1099 1141 1246 1215 satarum,
1276 1141 1304 1202 si
1324 1159 1408 1219 qaam

219 1251 382 1325 plurimam
408 1249 440 1310 ia
472 1254 498 1310 te
524 1248 628 1323 stadii,
652 1248 761 1324 officii,
792 1248 974 1308 liberalitatis
995 1266 1061 1307 suae
1084 1248 1242 1307 ccabdesset
1263 1250 1407 1309 -haec

225 1358 380 1416 intuerunt
392 1358 423 1415 in
436 1357 577 1434 epistula,
596 1375 687 1434 quam
706 1357 811 1414 statim
828 1358 868 1413 ab
885 1374 912 1414 a.
929 1356 1181 1415 d.111.N0n.1un
1194 1357 1233 1414 ad
1247 1355 1406 1415 Caesarem

9 1468 21 1493 '
123 1489 125 1493 ·
224 1466 316 1535 misit,
341 1482 404 1540 qua
426 1465 614 1523 tribunatum
639 1463 742 1521 Curtio
766 1451 876 1537 petivit
897 1496 950 1532 -,
975 1460 1030 1521 Sea
1049 1480 1085 1521 eac
1100 1463 1157 1521 tais
1172 1461 1275 1521 titteris
1291 1461 1408 1538 copnooi

190 1578 193 1583 ’
219 1588 446 1645 praeproperam
472 1570 613 1646 quaedam
635 1568 842 1642 festinationem
864 1572 958 1642 taam,
989 1572 1015 1627 ct
1044 1568 1130 1628 amal
1150 1586 1213 1628 sam
1238 1568 1407 1642 admiratae,

225 1694 277 1735 car
298 1677 458 1736 tribunatus
481 1676 625 1735 commoda
648 1675 757 1750 dempto
768 1675 940 1750 praesertim
963 1675 1058 1734 labore
1075 1675 1196 1735 militiae
1211 1676 1407 1750 contempseris

224 1782 258 1861 (o.
279 1782 315 1861 1).
361 1784 388 1841 A
419 1783 560 1843 'lbebatio
592 1784 699 1858 igitur,
732 1786 899 1859 postquam
924 1782 1026 1849 Cicero
1058 1783 1219 1857 epistulam
1248 1783 1342 1841 1113.
1366 1784 1405 1841 ad

223 1892 368 1962 Quintum
393 1894 424 1949 et
447 1890 573 1949 alteram
598 1890 637 1949 ad
661 1890 820 1949 Gaesarem
844 1890 939 1959 dedit,
964 1890 1084 1947 litterae
1107 1892 1267 1959 venerunt,
1294 1890 1405 1966 quibua

224 1999 412 2056 tribunatum
436 2016 456 2055 a
472 1998 602 2055 (laesere
626 1997 763 2068 oblatum
780 2015 800 2053 a
814 1996 958 2054 familiari
974 1998 1181 2072 contemptum
1198 2014 1267 2055 esse
1283 1996 1404 2056 Marcus

220 2106 378 2178 cognovit
422 2105 461 2162 ut
483 2104 522 2162 ad
547 2122 600 2170 eas
624 2103 780 2178 rescripsit
803 2121 883 2179 quae
906 2106 980 2161 sunt
1002 2103 1057 2160 Vll
1075 2103 1104 2162 8.

314 2211 418 2287 Neque
464 2212 543 2270 enim
580 2210 651 2269 illae
689 2211 807 2269 litterae
847 2229 867 2268 a
904 2211 1046 2268 Trebatio
1084 2210 1198 2269 missae
1235 2228 1299 2269 una
1336 2228 1404 2269 cum

223 2318 328 2389 Quinti
365 2320 396 2376 et
434 2318 577 2376 Caesaris
617 2336 644 2376 a
677 2318 704 2375 d.
736 2318 783 2376 Ill.
814 2318 892 2377 Non.
923 2317 986 2375 lun.
1018 2317 1152 2375 redditae
1173 2320 1281 2391 sunt,
1320 2318 1401 2393 quia,

222 2425 250 2483 si
285 2443 348 2482 una
378 2425 514 2483 redditae
548 2427 661 2493 essent,
700 2424 791 2483 etiam
827 2424 933 2482 eodem
966 2426 1101 2499 tempore
1136 2441 1153 2481 e
1184 2424 1285 2482 Gallia
1312 2425 1404 2482 datae

221 2534 335 2591 essent.
383 2531 459 2589 Tum
498 2531 576 2590 enim
607 2531 767 2589 familiaris
803 2532 992 2588 tribunatum
1029 2531 1091 2588 iam
1121 2530 1277 2589 reiecisset
1306 2549 1404 2607 neque

221 2638 352 2706 Caesar,
386 2656 454 2695 cum
485 2639 522 2696 de
550 2656 587 2696 eo
612 2638 780 2705 scribebat,
813 2640 878 2695 tam
901 2637 1074 2695 humaniter
1096 2640 1127 2695 et
1149 2637 1286 2712 persalse
1309 2638 1404 2697 iocari

222 2762 321 2819 neque
351 2744 486 2803 Ciceroni
520 2747 630 2819 postea
664 2745 827 2803 rescribere
862 2744 1002 2802 licuisset
1031 2743 1071 2801 ad
1102 2744 1278 2813 Gaesarem,
1312 2762 1404 2819 quam

221 2855 342 2927 gratum
366 2852 425 2910 sibi
448 2855 531 2910 esset
549 2852 694 2921 futurum,
721 2852 748 2910 si
768 2838 860 2927 quam
876 2850 1039 2925 plurimum
1053 2850 1086 2908 in
1101 2851 1280 2909 familiarem
1296 2852 1401 2922 studii,

221 2958 326 3027 officii,
350 2958 542 3017 liberalitatis
567 2976 643 3017 suae
666 2958 855 3016 contulisset
893 2958 1054 3016 Trebatius
1079 2958 1157 3015 enim
1179 2961 1245 3015 tum
1261 2958 1402 3017 Caesaris

220 3062 434 3123 liberalitatem
448 3066 613 3126 reiecisset.
651 3064 784 3122 Dubium
799 3065 893 3139 igitur
907 3082 968 3123 non
989 3067 1046 3133 est,
1072 3064 1146 3140 quin
1161 3065 1264 3122 Cicero
1280 3065 1403 3123 Trebati

221 3170 340 3229 litteras
372 3174 444 3247 post
475 3190 502 3229 a.
523 3172 551 3230 d.
568 3172 615 3229 Ill.
636 3171 713 3230 Non.
732 3171 796 3229 lun.
828 3171 987 3247 acceperit
1041 3172 1142 3247 Atque
1173 3188 1265 3247 quam
1297 3172 1401 3230 Cicero

220 3278 327 3337 deinde
359 3279 397 3335 ad
430 3295 498 3335 eum
528 3277 685 3354 rescripsit
708 3276 774 3354 (VII
789 3277 819 3355 8)
850 3279 1018 3354 proximam
1048 3279 1145 3336 luisse
1173 3281 1267 3353 patet.
1316 3278 1402 3336 Hanc

220 3385 260 3441 ad
284 3401 417 3442 mensem
442 3384 603 3455 Quintilem
631 3385 680 3443 vel
703 3385 805 3461 ipsum
829 3385 973 3443 Sextilem
996 3385 1093 3442 -id
1117 3385 1199 3461 quod
1215 3385 1355 3443 Koerner.
1372 3388 1403 3442 et

221 3490 382 3548 Rauschen
413 3491 577 3550 voluerunt
612 3526 656 3534 -
690 3492 855 3550 transferre
891 3492 1011 3551 minime
1041 3491 1128 3559 licet,
1162 3492 1237 3567 quia
1267 3495 1401 3550 extremo

220 3596 346 3667 Quintili
373 3599 513 3672 proxima
544 3597 677 3673 epistula
700 3598 752 3656 Vll
768 3600 807 3668 7.,
841 3602 877 3656 ut
904 3601 1014 3674 postea
1036 3598 1221 3668 videbimus,
1247 3598 1322 3656 data
1345 3602 1400 3657 est

220 3703 329 3779 Itaque
352 3721 450 3763 errare
474 3722 535 3763 non
558 3706 711 3774 videmur,
737 3706 765 3763 si
789 3723 857 3763 eam
880 3708 1016 3763 extrema
1039 3722 1141 3763 mense
1163 3705 1250 3763 Iunio
1273 3706 1400 3763 missam

218 3828 305 3868 esse,
322 3828 489 3871 censemus.
535 3811 612 3869 Tum
642 3813 751 3872 verba:
782 3812 845 3887 Epo
875 3815 982 3871 vestras
1004 3809 1194 3871 Britannicas
1221 3811 1331 3870 litteras
1353 3829 1400 3869 ac·

218 3919 311 3990 specto
336 3916 438 3975 Cicero
462 3918 527 3977 iure
551 3918 682 3994 scripsit.

563 4092 603 4174 o.
631 4093 689 4173 ne
718 4093 902 4192 epistula
929 4056 1083 4180 vua

308 4237 499 4312 Inquiramus
515 4255 604 4307 nunc,
631 4240 753 4314 quando
778 4239 912 4315 epistula
926 4239 981 4296 Vll
998 4242 1027 4299 7.
1050 4258 1071 4297 a
1086 4239 1228 4296 Cicerone
1251 4237 1326 4295 data
1349 4238 1399 4298 sit
1467 4301 1472 4315 ,

219 4344 308 4413 Quod
330 4345 366 4401 ut
388 4344 596 4415 diiudicemus‚
622 4346 742 4405 duobus
767 4346 833 4403 eius
856 4346 932 4416 locis
955 4348 1033 4418 utor.
1072 4346 1155 4403 Alter
1170 4348 1219 4405 est
1233 4345 1298 4403 hic:
1321 4342 1401 4405 alia
